;; -*- mode: beancount; coding: utf-8; fill-column: 400; -*-
option "title" "Jeeva Ledger"
option "operating_currency" "INR"
;; option "documents" "documents"
option "booking_method" "FIFO"
2010-07-25 custom "fava-option" "import-config" "config_jeeva.py"
2010-07-25 custom "fava-option" "import-dirs" "Downloads"
2010-07-25 custom "fava-option" "fiscal-year-end" "03-31"
2010-07-25 custom "fava-option" "show-accounts-with-zero-transactions" "False"
2010-07-25 custom "fava-option" "show-accounts-with-zero-balance" "False"



** General Accounts
;; We need to declare a few general accounts that we will use below.

;; Declare some sort of account to use as the source for padding
;; entries (see below). Use your birth date... that's when you began
;; accumulating equity!

2005-04-01 open Equity:Opening-Balances

** Events
;; This is a section where I declare some general properties.

;; Enter the date when this address last changed and its curent value.

2016-11-27 event "address" "4/481A, First Cross Street,Kalaivanar Nagar, Pattanur, Pondicherry 605006, INR"

2008-07-01 event "oldaddress" "54, Bank Colony, Koothapakkam, Cuddalore 607002, INR"

;; Same thing with your employer.
;; The below is sample from starter.beancount file. Not required here
;; 2011-02-15 event "employer" "Boogle Tech Inc."

;; You can track trips here too by changing the value of a "location"
;; event (variable). Insert one of these every time you travel. It can
;; be used for various purposes (see documentation). You can also
;; choose to put them along your cash expenses somewhere below, which
;; is what I do (remember: the order of declarations in the file is
;; not important).

2013-11-27 event "location" "Kalaivanar Nagar,Pattanur"

2005-04-01 open Assets:Cash

* India Accounts



** ICICIDirect Investment Account
;The ICICIDirect 3in1 account was opened in 2005.
;The demat ID is IN302679 33320527
;The Trading ID is 8500410046
;Name of the account was K JEEVA
;Related ICICI Bank account was 614901002242
;All the shares in this account got transferred to ILFSS

** IDBICapital Investment Account

;Client ID IN30007910354819
;Name: JEEVA K uswrname JEEVA232
;TVSMotor share was bought through this account.



** ILFSSS Investment Account

;;Shares bought through Zerodha but kept in IL&FS SECURITIES
;; SERVICES LIMITED DP ID: IN300095 Client ID: 12100252.

;; All the shares in this account got transferred out on
;; 19-Dec-2019 to Zerodha Demat account 1208160015584561
;; with CDSL in Jeeva Kalivaradhan with same PAN

2016-02-20  open    Assets:IN:Investment:ILFSSS:Cash


;; All shares bought to this demat account needs to declared open
;; as asset account and needs to be opened.
2016-02-20  open Assets:IN:Investment:ILFSSS:TVSMOTOR   TVSMOTOR
2016-02-20  open Assets:IN:Investment:ILFSSS:LIQUIDBEES   LIQUIDBEES
2016-02-20  open Assets:IN:Investment:ILFSSS:INFY    INFY
2016-02-20  open Assets:IN:Investment:ILFSSS:IIINFOTECH IIINFOTECH
2016-02-20  open Assets:IN:Investment:ILFSSS:PNB    PNB
2016-02-20  open Assets:IN:Investment:ILFSSS:DENABANK   DENABANK
2016-02-20  open Assets:IN:Investment:ILFSSS:POWERGRID  POWERGRID
2016-02-20  open Assets:IN:Investment:ILFSSS:BANKBARODA BANKBARODA
2016-02-20  open Assets:IN:Investment:ILFSSS:BPCL   BPCL
2016-02-20  open Assets:IN:Investment:ILFSSS:CENTRALBK  CENTRALBK
2016-02-20  open Assets:IN:Investment:ILFSSS:HINDPETRO  HINDPETRO
2016-02-20  open Assets:IN:Investment:ILFSSS:COALINDIA  COALINDIA
2016-02-20  open Assets:IN:Investment:ILFSSS:GDL    GDL
2016-02-20  open Assets:IN:Investment:ILFSSS:NTPC   NTPC
2016-02-20  open Assets:IN:Investment:ILFSSS:ENGINERSIN ENGINERSIN
2016-02-20  open Assets:IN:Investment:ILFSSS:PETRONET    PETRONET
2016-02-20  open Assets:IN:Investment:ILFSSS:INDIANBK   INDIANBK
2016-02-20  open Assets:IN:Investment:ILFSSS:GPPL   GPPL
2016-02-20  open Assets:IN:Investment:ILFSSS:RECLTD RECLTD
2016-02-20  open Assets:IN:Investment:ILFSSS:GESHIP GESHIP
2016-02-20  open Assets:IN:Investment:ILFSSS:PFC    PFC
2016-02-20  open Assets:IN:Investment:ILFSSS:BATAINDIA  BATAINDIA

;; (XFER) Due to account closure all shares moved to Zerodha DP
;; Even though the transfer happened in Dec'19, the price as on
;; 31-Jan-2018 Bhavcopy is taken here as all future LTCG is
;; based on that day's price

2019-12-19  *  "(XFER) Due to ILFSS Account closure"
    Assets:IN:Investment:ILFSSS:IIINFOTECH  -905225  IIINFOTECH {}  @ 6.2 INR
    Assets:IN:Investment:Zerodha:Cash
2019-12-19  *  "(XFER) Due to ILFSS Account closure"
    Assets:IN:Investment:Zerodha:IIINFOTECH 905225  IIINFOTECH {6.2 INR}
    Assets:IN:Investment:Zerodha:Cash
2019-12-19  * "(XFER) Due to ILFSS Account closure"
    Assets:IN:Investment:ILFSSS:CENTRALBK   -697 CENTRALBK {}   @73.05  INR
     Assets:IN:Investment:Zerodha:Cash
2019-12-19  * "(XFER) Due to ILFSS Account closure"
    Assets:IN:Investment:Zerodha:CENTRALBK   697  CENTRALBK {73.05 INR}
     Assets:IN:Investment:Zerodha:Cash
2019-12-19  * "(XFER) Due to ILFSS Account closure"
    Assets:IN:Investment:ILFSSS:PETRONET    -1600  PETRONET {}  @ 254 INR
     Assets:IN:Investment:Zerodha:Cash
2019-12-19  * "(XFER) Due to ILFSS Account closure"
   Assets:IN:Investment:Zerodha:PETRONET   1600   PETRONET {254 INR}
    Assets:IN:Investment:Zerodha:Cash
2019-12-19  * "(XFER) Due to ILFSS Account closure"
    Assets:IN:Investment:ILFSSS:INDIANBK    -106 INDIANBK   {} @361.5   INR
     Assets:IN:Investment:Zerodha:Cash
2019-12-19  * "(XFER) Due to ILFSS Account closure"
    Assets:IN:Investment:Zerodha:INDIANBK   106   INDIANBK {361.5   INR}
     Assets:IN:Investment:Zerodha:Cash
2019-12-19  * "(XFER) Due to ILFSS Account closure"
    Assets:IN:Investment:ILFSSS:BATAINDIA   -2   BATAINDIA {705 INR}
    Assets:IN:Investment:Zerodha:Cash
2019-12-19  * "(XFER) Due to ILFSS Account closure"
    Assets:IN:Investment:Zerodha:BATAINDIA   2   BATAINDIA {705 INR}
        Assets:IN:Investment:Zerodha:Cash

2019-12-28  close   Assets:IN:Investment:ILFSSS:Cash

** RKSV Upstox Investment Account

2015-04-01 open Assets:IN:Investment:RKSV:Cash INR
2015-04-01 open Assets:IN:Investment:RKSV:TATAMOTORS    TATAMOTORS
2015-04-01 open Assets:IN:Investment:RKSV:ICICIPRULI    ICICIPRULI
2015-04-01 open Assets:IN:Investment:RKSV:KARURVYSYA    KARURVYSYA
2015-04-01 open Assets:IN:Investment:RKSV:COXKINGS     COXKINGS

** Zerodha Investment Account

;; The demat ID is 1208160015584561. This is with CDSL India
;; Zerodha trading account RJ2626 is linked with this account

;; In this account, we do have a cash component, which holds our
;; deposits and whose contents is converted against stock during
;; transactions. We pad the cash account to account for past
;; deposits. Found first transaction dated 2019-01-23
;; Eventhough the demat account was opened only in 2019, the Zerodha
;; trading acccount is active since 2016 through ILFSS demat

2011-03-15 open   Assets:IN:Investment:Zerodha:Cash  INR

2019-01-20 open Assets:IN:Investment:Zerodha:IIINFOTECH IIINFOTECH
2019-01-20 open Assets:IN:Investment:Zerodha:CENTRALBK  CENTRALBK
2019-01-20 open Assets:IN:Investment:Zerodha:PETRONET   PETRONET
2019-01-20 open Assets:IN:Investment:Zerodha:INDIANBK   INDIANBK
2019-01-20 open Assets:IN:Investment:Zerodha:GAIL   GAIL
2019-01-20 open Assets:IN:Investment:Zerodha:ONGC   ONGC
2019-01-20 open Assets:IN:Investment:Zerodha:BATAINDIA   BATAINDIA

;; 2011-03-15 pad    Assets:IN:Investment:Zerodha:Cash  Equity:Opening-Balances

;; These we won't pad; because there's a tax consequence on the
;; capital gain, we want to make sure that we have at least the
;; book value for each position. (Ideally we'd go backwards
;; and enter all the real transactions in the past.)


;; For each of our current positions, add an assertion for the
;; position, as well as the original transaction that got us
;; that position, which provides its cost (book value).

;; The whole section below needs cleanup. This is Just a template

;; The following accounts will be used when accounting for
;; Income from accounts in bank statement.


;;Repeat the above process for other stocks in Investment accounts


;;Repeat the above process for each stocks in this Investment account as above

** All Income accounts to be declared below under appropriate sections

** Capital Gains Income Accounts

2010-01-01  open Income:IN:Investment:PnL
2010-01-01  open Income:IN:Investment:PnL:LIQUIDBEES    INR
2010-01-01  open Income:IN:Investment:PnL:INFY          INR
2010-01-01  open Income:IN:Investment:PnL:IIINFOTECH    INR
2010-01-01  open Income:IN:Investment:PnL:POWERGRID    INR
2010-01-01  open Income:IN:Investment:PnL:PNB   INR
2010-01-01  open Income:IN:Investment:PnL:DENABANK  INR
2010-01-01  open Income:IN:Investment:PnL:BANKBARODA  INR
2010-01-01  open Income:IN:Investment:PnL:BPCL  INR
2010-01-01  open Income:IN:Investment:PnL:CENTRALBK INR
2010-01-01  open Income:IN:Investment:PnL:HINDPETRO INR
2010-01-01  open Income:IN:Investment:PnL:COALINDIA INR
2010-01-01  open Income:IN:Investment:PnL:GDL   INR
2010-01-01  open Income:IN:Investment:PnL:NTPC  INR
2010-01-01  open Income:IN:Investment:PnL:ENGINERSIN    INR
2010-01-01  open Income:IN:Investment:PnL:TVSMOTOR  INR
2010-01-01  open Income:IN:Investment:PnL:GPPL INR
2010-01-01  open Income:IN:Investment:PnL:RECLTD INR
2010-01-01  open Income:IN:Investment:PnL:GESHIP INR
2010-01-01  open Income:IN:Investment:PnL:PFC INR
2010-01-01  open Income:IN:Investment:PnL:ICICIPRULI    INR
2010-01-01  open Income:IN:Investment:PnL:TATAMOTORS    INR
2010-01-01  open Income:IN:Investment:PnL:KARURVYSYA    INR
2010-01-01  open Income:IN:Investment:PnL:COXKINGS   INR

** SLB Income Accounts
2016-02-20 open Income:IN:Investment:SLB:ILFSSS
** Dividend Income Accounts

2010-01-01  open    Income:IN:Investment:Dividend:Others
2010-01-01  open    Income:IN:Investment:Dividend:PETRONET
2010-01-01  open    Income:IN:Investment:Dividend:INFY
2010-01-01  open    Income:IN:Investment:Dividend:TVSMOTOR

** ICICI Bank Savings Account - 614901513722

2005-04-01 open Assets:IN:ICICIBank:Savings INR

;; We don't want to have to go and enter all the history from the
;; past here before we get working... so we'll declare a padding
;; directive right at the opening date that will take care of
;; inserting the correct amount to make the following assert balance.

;; System is giving error message for this pad entry. "Unused Pad entry". Need to check further.For now commented out.

;; 2018-04-01 pad Assets:IN:ICICIBank:Savings Equity:Opening-Balances

;; Now insert the balance as of the last date that you have a
;; statement for (or if this is available, you can log into your
;; online account and check that your current account balance is).

;; 2018-04-01 balance  Assets:IN:ICICIBank:Savings   INR

;; That's it! That is the main template. The rest of this file
;; just follows this example in order to setup all the available
;; accounts. From this point on, you can add or import new
;; transactions following the check date.

2005-04-01 open Income:IN:ICICIBank:Savings:Interest

** HDFC Account

2021-04-01 open Assets:IN:HDFCMF:LiquidFund INR

** Expense Categories

2005-04-01 open Expenses:Household
2005-04-01 open Expenses:Gift:Family
2005-04-01 open Expenses:Gift:Others
2005-04-01 open Expenses:Gift:God
2005-04-01 open Expenses:Financial:Insurance
2005-04-01 open Expenses:Financial:Fees
2005-04-01 open Expenses:Financial:Commissions
2005-04-01 open Expenses:Financial:Taxes:Zerodha
2005-04-01 open Expenses:Financial:Taxes:RKSV

** Investment Account balance assertions

;; Since all transactions history cannot be recreated, a

;;2017-04-01 balance  Assets:IN:Investment:ILFSSS:LIQUIDBEES  30  LIQUIDBEES

** Investment Account Transactions

** RKSV Account Transactions

2018-10-04 * "Buy ICICIPRULI with TradeRef 25346647"
  Assets:IN:Investment:RKSV:ICICIPRULI       31 ICICIPRULI {318.20  INR}
  Assets:IN:Investment:RKSV:Cash        -9864.20 INR
      Expenses:Financial:Taxes:RKSV

2018-10-04 * "Buy KARURVYSYA with TradeRef 50358091"
  Assets:IN:Investment:RKSV:KARURVYSYA       128 KARURVYSYA {78.20  INR}
  Assets:IN:Investment:RKSV:Cash        -10009.60 INR
      Expenses:Financial:Taxes:RKSV

2018-11-30 * "Buy TATAMOTORS with TradeRef 77307259"
  Assets:IN:Investment:RKSV:TATAMOTORS       58 TATAMOTORS {172.20  INR}
  Assets:IN:Investment:RKSV:Cash        -9987.60 INR
      Expenses:Financial:Taxes:RKSV

2018-12-05 * "Buy TATAMOTORS with TradeRef 76649521"
  Assets:IN:Investment:RKSV:TATAMOTORS       59 TATAMOTORS {170.20  INR}
  Assets:IN:Investment:RKSV:Cash        -10041.80 INR
      Expenses:Financial:Taxes:RKSV

2018-12-06 * "Buy TATAMOTORS with TradeRef 77073394"
  Assets:IN:Investment:RKSV:TATAMOTORS       61 TATAMOTORS {164.20  INR}
  Assets:IN:Investment:RKSV:Cash        -10016.20 INR
      Expenses:Financial:Taxes:RKSV

2018-12-10 * "Buy TATAMOTORS with TradeRef 76597322"
    Assets:IN:Investment:RKSV:TATAMOTORS       127 TATAMOTORS {157.20  INR}
    Assets:IN:Investment:RKSV:Cash        -19964.40 INR
      Expenses:Financial:Taxes:RKSV

2018-12-10 * "Buy COX&KINGS with Order ID 1000000006378908 TradeRef 2386992"
    Assets:IN:Investment:RKSV:COXKINGS       130 COXKINGS {153.20  INR}
    Assets:IN:Investment:RKSV:Cash        -19976.10 INR
      Expenses:Financial:Taxes:RKSV

2018-12-13 * "Buy COX&KINGS with Order ID 1000000003453730 TradeRef 2664978"
    Assets:IN:Investment:RKSV:COXKINGS       134 COXKINGS {149.20  INR}
    Assets:IN:Investment:RKSV:Cash        -19992.80 INR
      Expenses:Financial:Taxes:RKSV

2018-12-14 * "Buy COX&KINGS with Order ID 1000000005477285 TradeRef 1865876"
    Assets:IN:Investment:RKSV:COXKINGS       134 COXKINGS {148.20  INR}
    Assets:IN:Investment:RKSV:Cash        -19858.80 INR
      Expenses:Financial:Taxes:RKSV

2019-10-29 * "sell KARURVYSYA with TradeRef 52448039"
  Assets:IN:Investment:RKSV:KARURVYSYA      -128 KARURVYSYA {} @ 55.45 INR
  Expenses:Financial:Taxes:RKSV            7.10 INR
  Assets:IN:Investment:RKSV:Cash        7097.60 INR
  Income:IN:Investment:PnL:KARURVYSYA

2019-10-29 * "sell TATAMOTORS with TradeRef 78935599"
  Assets:IN:Investment:RKSV:TATAMOTORS      -145 TATAMOTORS {} @ 173.85 INR
  Expenses:Financial:Taxes:RKSV            25.21 INR
  Assets:IN:Investment:RKSV:Cash        25183.04 INR
  Income:IN:Investment:PnL:TATAMOTORS

2019-10-29 * "sell TATAMOTORS with TradeRef 78935600"
  Assets:IN:Investment:RKSV:TATAMOTORS      -40 TATAMOTORS {} @ 173.85 INR
  Expenses:Financial:Taxes:RKSV            6.95 INR
  Assets:IN:Investment:RKSV:Cash        6947.05 INR
  Income:IN:Investment:PnL:TATAMOTORS

2019-10-29 * "sell TATAMOTORS with TradeRef 78935601"
  Assets:IN:Investment:RKSV:TATAMOTORS      -5 TATAMOTORS {} @ 173.85 INR
  Expenses:Financial:Taxes:RKSV           0.87 INR
  Assets:IN:Investment:RKSV:Cash        868.38 INR
  Income:IN:Investment:PnL:TATAMOTORS

2019-10-29 * "sell TATAMOTORS with TradeRef 78935602"
  Assets:IN:Investment:RKSV:TATAMOTORS       -8 TATAMOTORS {} @ 173.85 INR
  Expenses:Financial:Taxes:RKSV            1.39 INR
  Assets:IN:Investment:RKSV:Cash        1389.41 INR
  Income:IN:Investment:PnL:TATAMOTORS

2019-10-29 * "sell TATAMOTORS with TradeRef 78935603"
  Assets:IN:Investment:RKSV:TATAMOTORS      -10 TATAMOTORS {} @ 173.85 INR
  Expenses:Financial:Taxes:RKSV            1.74 INR
  Assets:IN:Investment:RKSV:Cash        1736.76 INR
  Income:IN:Investment:PnL:TATAMOTORS

2019-10-29 * "sell TATAMOTORS with TradeRef 78935604"
  Assets:IN:Investment:RKSV:TATAMOTORS      -2 TATAMOTORS {} @ 173.85 INR
  Expenses:Financial:Taxes:RKSV           0.35 INR
  Assets:IN:Investment:RKSV:Cash        347.35 INR
  Income:IN:Investment:PnL:TATAMOTORS

2019-10-29 * "sell TATAMOTORS with TradeRef 78935605"
  Assets:IN:Investment:RKSV:TATAMOTORS       -95 TATAMOTORS {} @ 173.85 INR
  Expenses:Financial:Taxes:RKSV            16.52 INR
  Assets:IN:Investment:RKSV:Cash        16499.23 INR
  Income:IN:Investment:PnL:TATAMOTORS

2019-10-29 * "sell ICICIPRULI with TradeRef 28559789"
  Assets:IN:Investment:RKSV:ICICIPRULI       -9 ICICIPRULI {} @ 504.95 INR
  Expenses:Financial:Taxes:RKSV            4.54 INR
  Assets:IN:Investment:RKSV:Cash        4540.01 INR
  Income:IN:Investment:PnL:ICICIPRULI

2019-10-29 * "sell ICICIPRULI with TradeRef 28559790"
  Assets:IN:Investment:RKSV:ICICIPRULI      -14 ICICIPRULI {} @ 504.95 INR
  Expenses:Financial:Taxes:RKSV            7.07 INR
  Assets:IN:Investment:RKSV:Cash        7062.23 INR
  Income:IN:Investment:PnL:ICICIPRULI

2019-10-29 * "sell ICICIPRULI with TradeRef 28559791"
  Assets:IN:Investment:RKSV:ICICIPRULI       -8 ICICIPRULI {} @ 504.95 INR
  Expenses:Financial:Taxes:RKSV            4.04 INR
  Assets:IN:Investment:RKSV:Cash        4035.56 INR
  Income:IN:Investment:PnL:ICICIPRULI

2021-12-31 * "sell Cox and kings with TradeRef 1282915"
  Assets:IN:Investment:RKSV:COXKINGS -398 COXKINGS {}
  Assets:IN:Investment:RKSV:Cash 713.42 INR
  Income:IN:Investment:PnL:COXKINGS

** Zerodha Account Transactions

;2017-04-13 *    "Dummy txn. TVSMOTOR was bought in 2008/9 from Naina CAS 2018-Jan"
;    Assets:IN:Investment:ILFSSS:TVSMOTOR   2002 TVSMOTOR    {717.25    INR}
;    Assets:IN:Investment:Zerodha:Cash

2017-04-13 *    "Dummy txn. TVSMOTOR was bought in 2008/9"
    Assets:IN:Investment:ILFSSS:TVSMOTOR   2002 TVSMOTOR    {20    INR}
    Assets:IN:Investment:Zerodha:Cash

2019-04-13 *    "Dummy txn. BATA was bought in 2008/9"
    Assets:IN:Investment:ILFSSS:BATAINDIA   2   BATAINDIA {705 INR}
    Assets:IN:Investment:Zerodha:Cash

2017-04-13 * "Dummy txn to account LIQUIDBEES"
  Assets:IN:Investment:Zerodha:Cash        INR
  Expenses:Financial:Taxes:Zerodha             30 INR
  Assets:IN:Investment:ILFSSS:LIQUIDBEES      807 LIQUIDBEES {999.99 INR}

2017-04-01 * "Dummy txn to account missing DENABANK as per CAS"
  Assets:IN:Investment:ILFSSS:DENABANK      200 DENABANK {20.25 INR}
  Assets:IN:Investment:Zerodha:Cash     INR


2017-04-13 * "Originally bought thru IPO in IDirect Demat in 2007   "
  Assets:IN:Investment:Zerodha:Cash        INR
  Expenses:Financial:Taxes:Zerodha             0 INR
  Assets:IN:Investment:ILFSSS:POWERGRID      587 POWERGRID {52.00 INR}

2017-04-13 * "Originally bought through IPO on  2010-11-04"
  Assets:IN:Investment:ILFSSS:COALINDIA     199 COALINDIA {232.75 INR}
  Assets:IN:Investment:Zerodha:Cash        INR

2017-04-13 * "Originally bought through IPO on  2010-11-04"
    Assets:IN:Investment:ILFSSS:NTPC    214 NTPC    {100    INR}
        Assets:IN:Investment:Zerodha:Cash        INR

2017-04-13 * "Originally bought through IPO "
  Assets:IN:Investment:ILFSSS:ENGINERSIN   70    ENGINERSIN  {100    INR}
  Assets:IN:Investment:Zerodha:Cash

2017-04-13 * "Originally bought through IPO 2007 "
  Assets:IN:Investment:ILFSSS:INDIANBK   106    INDIANBK  {75    INR}
  Assets:IN:Investment:Zerodha:Cash

2017-04-13 * "Originally bought through IPO "
    Assets:IN:Investment:ILFSSS:GDL     112     GDL {74 INR}
    Assets:IN:Investment:Zerodha:Cash

2017-04-13 * "Originally bought through IPO on  2010-11-04"
    Assets:IN:Investment:ILFSSS:PETRONET    1600 PETRONET   {15 INR}
       Assets:IN:Investment:Zerodha:Cash

2017-04-13 * "Originally bought before 2017-04 as per CAS"
    Assets:IN:Investment:ILFSSS:RECLTD 242 RECLTD {105   INR};IPO
    Assets:IN:Investment:ILFSSS:GESHIP  77  GESHIP  {400    INR}
    Assets:IN:Investment:ILFSSS:PFC     272 PFC     {85 INR} ;IPO 118.50@2018-01-31
    Assets:IN:Investment:ILFSSS:GPPL    205 GPPL    {144    INR} ;IPO46: Unsure of purchase price
    Assets:IN:Investment:ILFSSS:IIINFOTECH  38203   IIINFOTECH { 6.2    INR}
        Assets:IN:Investment:Zerodha:Cash

2017-04-13 * "sell LIQUIDBEES with TradeRef 50283787" ^1200000000752831
  Assets:IN:Investment:Zerodha:Cash       29969.7 INR
  Expenses:Financial:Taxes:Zerodha             30 INR
  Assets:IN:Investment:ILFSSS:LIQUIDBEES      -30 LIQUIDBEES {} @ 999.99 INR
  Income:IN:Investment:PnL:LIQUIDBEES

2017-04-13 * "buy INFY with TradeRef 26260755"  ^1.1E15
  Assets:IN:Investment:ILFSSS:INFY      3 INFY {941.2 INR}
  Expenses:Financial:Taxes:Zerodha   2.82 INR
  Assets:IN:Investment:Zerodha:Cash

2017-04-17 * "buy INFY with TradeRef 25123044" ^1100000000410606
  Assets:IN:Investment:ILFSSS:INFY      3 INFY {925.15 INR}
  Expenses:Financial:Taxes:Zerodha   2.78 INR
  Assets:IN:Investment:Zerodha:Cash

2017-04-18 * "buy INFY with TradeRef 26418231" ^1100000001183328
  Assets:IN:Investment:ILFSSS:INFY      3 INFY {926.55 INR}
  Expenses:Financial:Taxes:Zerodha   2.78 INR
  Assets:IN:Investment:Zerodha:Cash

2017-04-19 * "buy INFY with TradeRef 25446086" ^1100000001145762
  Assets:IN:Investment:ILFSSS:INFY      3 INFY {924.2 INR}
  Expenses:Financial:Taxes:Zerodha   2.77 INR
  Assets:IN:Investment:Zerodha:Cash

2017-04-19 * "buy INFY with TradeRef 26013752" ^1100000001149599
  Assets:IN:Investment:ILFSSS:INFY      3 INFY {915.15 INR}
  Expenses:Financial:Taxes:Zerodha   2.75 INR
  Assets:IN:Investment:Zerodha:Cash

2017-04-20 * "buy INFY with TradeRef 25124437" ^1100000000388121
  Assets:IN:Investment:ILFSSS:INFY      3 INFY {925.2 INR}
  Expenses:Financial:Taxes:Zerodha   2.78 INR
  Assets:IN:Investment:Zerodha:Cash

2017-04-21 * "buy INFY with TradeRef 26661405" ^1.1E15
  Assets:IN:Investment:ILFSSS:INFY      3 INFY {924.2 INR}
  Expenses:Financial:Taxes:Zerodha   2.77 INR
  Assets:IN:Investment:Zerodha:Cash

2017-04-21 * "buy INFY with TradeRef 27157635" ^1100000004359725
  Assets:IN:Investment:ILFSSS:INFY      3 INFY {922.2 INR}
  Expenses:Financial:Taxes:Zerodha   2.77 INR
  Assets:IN:Investment:Zerodha:Cash

2017-04-26 * "buy INFY with TradeRef 25616299" ^1100000001391294
  Assets:IN:Investment:ILFSSS:INFY      1 INFY {919.05 INR}
  Expenses:Financial:Taxes:Zerodha   0.92 INR
  Assets:IN:Investment:Zerodha:Cash

2017-04-26 * "buy INFY with TradeRef 25616298" ^1100000001391294
  Assets:IN:Investment:ILFSSS:INFY      1 INFY {919.05 INR}
  Expenses:Financial:Taxes:Zerodha   0.92 INR
  Assets:IN:Investment:Zerodha:Cash

2017-04-26 * "buy INFY with TradeRef 25616297" ^1100000001391294
  Assets:IN:Investment:ILFSSS:INFY      1 INFY {919.05 INR}
  Expenses:Financial:Taxes:Zerodha   0.92 INR
  Assets:IN:Investment:Zerodha:Cash

2017-06-29 * "sell LIQUIDBEES with TradeRef 50403093" ^1200000001131085
  Assets:IN:Investment:ILFSSS:LIQUIDBEES    -77 LIQUIDBEES {} @ 1000 INR
  Expenses:Financial:Taxes:Zerodha           77 INR
  Assets:IN:Investment:Zerodha:Cash       76923 INR
  Income:IN:Investment:PnL:LIQUIDBEES

2017-06-29 * "buy IIINFOTECH with TradeRef 536211" ^1000000001381567
  Assets:IN:Investment:ILFSSS:IIINFOTECH  5000 IIINFOTECH {4.4 INR}
  Expenses:Financial:Taxes:Zerodha          22 INR
  Assets:IN:Investment:Zerodha:Cash

2017-06-29 * "buy IIINFOTECH with TradeRef 861513" ^1000000001378808
  Assets:IN:Investment:ILFSSS:IIINFOTECH  1840 IIINFOTECH {4.35 INR}
  Expenses:Financial:Taxes:Zerodha           8 INR
  Assets:IN:Investment:Zerodha:Cash

2017-06-29 * "buy IIINFOTECH with TradeRef 861514" ^1000000001378808
  Assets:IN:Investment:ILFSSS:IIINFOTECH   3160 IIINFOTECH {4.35 INR}
  Expenses:Financial:Taxes:Zerodha        13.75 INR
  Assets:IN:Investment:Zerodha:Cash

2017-06-30 * "buy IIINFOTECH with TradeRef 187389" ^1000000000738019
  Assets:IN:Investment:ILFSSS:IIINFOTECH  10000 IIINFOTECH {4.35 INR}
  Expenses:Financial:Taxes:Zerodha         43.5 INR
  Assets:IN:Investment:Zerodha:Cash

2017-06-30 * "sell LIQUIDBEES with TradeRef 50331546" ^1200000000633483
  Assets:IN:Investment:ILFSSS:LIQUIDBEES      -50 LIQUIDBEES {} @ 999.99 INR
  Expenses:Financial:Taxes:Zerodha             50 INR
  Assets:IN:Investment:Zerodha:Cash       49949.5 INR
  Income:IN:Investment:PnL:LIQUIDBEES

2017-06-30 * "buy IIINFOTECH with TradeRef 598175" ^1000000001406487
  Assets:IN:Investment:ILFSSS:IIINFOTECH  5000 IIINFOTECH {4.3 INR}
  Expenses:Financial:Taxes:Zerodha        21.5 INR
  Assets:IN:Investment:Zerodha:Cash

2017-06-30 * "buy IIINFOTECH with TradeRef 599150" ^1000000001401583
  Assets:IN:Investment:ILFSSS:IIINFOTECH   5000 IIINFOTECH {4.25 INR}
  Expenses:Financial:Taxes:Zerodha        21.25 INR
  Assets:IN:Investment:Zerodha:Cash

2017-07-03 * "sell LIQUIDBEES with TradeRef 50147308" ^1200000000497498
  Assets:IN:Investment:ILFSSS:LIQUIDBEES   -100 LIQUIDBEES {} @ 999.99 INR
  Expenses:Financial:Taxes:Zerodha          100 INR
  Assets:IN:Investment:Zerodha:Cash       99899 INR
  Income:IN:Investment:PnL:LIQUIDBEES

2017-07-05 * "buy IIINFOTECH with TradeRef 272749" ^1000000000000000
  Assets:IN:Investment:ILFSSS:IIINFOTECH   397 IIINFOTECH {4.5 INR}
  Expenses:Financial:Taxes:Zerodha        1.79 INR
  Assets:IN:Investment:Zerodha:Cash

2017-07-05 * "buy IIINFOTECH with TradeRef 283587" ^1000000000000000
  Assets:IN:Investment:ILFSSS:IIINFOTECH   123 IIINFOTECH {4.5 INR}
  Expenses:Financial:Taxes:Zerodha        0.55 INR
  Assets:IN:Investment:Zerodha:Cash

2017-07-05 * "buy IIINFOTECH with TradeRef 300308" ^1000000000000000
  Assets:IN:Investment:ILFSSS:IIINFOTECH  2000 IIINFOTECH {4.5 INR}
  Expenses:Financial:Taxes:Zerodha           9 INR
  Assets:IN:Investment:Zerodha:Cash

2017-07-05 * "buy IIINFOTECH with TradeRef 307384" ^1000000000000000
  Assets:IN:Investment:ILFSSS:IIINFOTECH    86 IIINFOTECH {4.5 INR}
  Expenses:Financial:Taxes:Zerodha        0.39 INR
  Assets:IN:Investment:Zerodha:Cash

2017-07-05 * "buy IIINFOTECH with TradeRef 310222" ^1000000000000000
  Assets:IN:Investment:ILFSSS:IIINFOTECH   100 IIINFOTECH {4.5 INR}
  Expenses:Financial:Taxes:Zerodha        0.45 INR
  Assets:IN:Investment:Zerodha:Cash

2017-07-05 * "buy IIINFOTECH with TradeRef 310632" ^1000000000000000
  Assets:IN:Investment:ILFSSS:IIINFOTECH  1000 IIINFOTECH {4.5 INR}
  Expenses:Financial:Taxes:Zerodha         4.5 INR
  Assets:IN:Investment:Zerodha:Cash

2017-07-05 * "buy IIINFOTECH with TradeRef 351151" ^1000000000000000
  Assets:IN:Investment:ILFSSS:IIINFOTECH  1999 IIINFOTECH {4.5 INR}
  Expenses:Financial:Taxes:Zerodha           9 INR
  Assets:IN:Investment:Zerodha:Cash

2017-07-05 * "buy IIINFOTECH with TradeRef 357646" ^1000000000000000
  Assets:IN:Investment:ILFSSS:IIINFOTECH   100 IIINFOTECH {4.5 INR}
  Expenses:Financial:Taxes:Zerodha        0.45 INR
  Assets:IN:Investment:Zerodha:Cash

2017-07-05 * "buy IIINFOTECH with TradeRef 368442" ^1000000000000000
  Assets:IN:Investment:ILFSSS:IIINFOTECH   500 IIINFOTECH {4.5 INR}
  Expenses:Financial:Taxes:Zerodha        2.25 INR
  Assets:IN:Investment:Zerodha:Cash

2017-07-05 * "buy IIINFOTECH with TradeRef 373693" ^1000000000000000
  Assets:IN:Investment:ILFSSS:IIINFOTECH  1000 IIINFOTECH {4.5 INR}
  Expenses:Financial:Taxes:Zerodha         4.5 INR
  Assets:IN:Investment:Zerodha:Cash

2017-07-05 * "buy IIINFOTECH with TradeRef 386509" ^1000000000000000
  Assets:IN:Investment:ILFSSS:IIINFOTECH  1000 IIINFOTECH {4.5 INR}
  Expenses:Financial:Taxes:Zerodha         4.5 INR
  Assets:IN:Investment:Zerodha:Cash

2017-07-05 * "buy IIINFOTECH with TradeRef 388212" ^1000000000000000
  Assets:IN:Investment:ILFSSS:IIINFOTECH  1695 IIINFOTECH {4.5 INR}
  Expenses:Financial:Taxes:Zerodha        7.63 INR
  Assets:IN:Investment:Zerodha:Cash

2017-07-05 * "sell POWERGRID with TradeRef 50847674" ^1200000001913658
  Assets:IN:Investment:ILFSSS:POWERGRID      -1 POWERGRID {} @ 209.95 INR
  Expenses:Financial:Taxes:Zerodha         0.21 INR
  Assets:IN:Investment:Zerodha:Cash      209.74 INR
  Income:IN:Investment:PnL:POWERGRID

2017-07-05 * "sell POWERGRID with TradeRef 50847675" ^1200000001913658
  Assets:IN:Investment:ILFSSS:POWERGRID      -193 POWERGRID {} @ 209.95 INR
  Expenses:Financial:Taxes:Zerodha          40.52 INR
  Assets:IN:Investment:Zerodha:Cash      40479.83 INR
  Income:IN:Investment:PnL:POWERGRID

2017-07-05 * "sell POWERGRID with TradeRef 50847672" ^1200000001913658
  Assets:IN:Investment:ILFSSS:POWERGRID      -188 POWERGRID {} @ 209.95 INR
  Expenses:Financial:Taxes:Zerodha          39.47 INR
  Assets:IN:Investment:Zerodha:Cash      39431.13 INR
  Income:IN:Investment:PnL:POWERGRID

2017-07-05 * "sell POWERGRID with TradeRef 50847676" ^1200000001913658
  Assets:IN:Investment:ILFSSS:POWERGRID       -53 POWERGRID {} @ 209.95 INR
  Expenses:Financial:Taxes:Zerodha          11.13 INR
  Assets:IN:Investment:Zerodha:Cash      11116.22 INR
  Income:IN:Investment:PnL:POWERGRID

2017-07-05 * "sell POWERGRID with TradeRef 50847673" ^1200000001913658
  Assets:IN:Investment:ILFSSS:POWERGRID   -100 POWERGRID {} @ 209.95 INR
  Expenses:Financial:Taxes:Zerodha          21 INR
  Assets:IN:Investment:Zerodha:Cash      20974 INR
  Income:IN:Investment:PnL:POWERGRID

2017-07-05 * "sell POWERGRID with TradeRef 50847671" ^1200000001913658
  Assets:IN:Investment:ILFSSS:POWERGRID       -52 POWERGRID {} @ 209.95 INR
  Expenses:Financial:Taxes:Zerodha          10.92 INR
  Assets:IN:Investment:Zerodha:Cash      10906.48 INR
  Income:IN:Investment:PnL:POWERGRID

2017-07-05 * "buy IIINFOTECH with TradeRef 668319" ^1000000001667206
  Assets:IN:Investment:ILFSSS:IIINFOTECH  11720 IIINFOTECH {4.5 INR}
  Expenses:Financial:Taxes:Zerodha        52.74 INR
  Assets:IN:Investment:Zerodha:Cash

2017-07-05 * "buy IIINFOTECH with TradeRef 668317" ^1000000001667206
  Assets:IN:Investment:ILFSSS:IIINFOTECH  1 IIINFOTECH {4.5 INR}
  Expenses:Financial:Taxes:Zerodha        0 INR
  Assets:IN:Investment:Zerodha:Cash

2017-07-05 * "buy IIINFOTECH with TradeRef 668318" ^1000000001667206
  Assets:IN:Investment:ILFSSS:IIINFOTECH   4500 IIINFOTECH {4.5 INR}
  Expenses:Financial:Taxes:Zerodha        20.25 INR
  Assets:IN:Investment:Zerodha:Cash

2017-07-05 * "buy IIINFOTECH with TradeRef 668314" ^1000000001667206
  Assets:IN:Investment:ILFSSS:IIINFOTECH  10702 IIINFOTECH {4.5 INR}
  Expenses:Financial:Taxes:Zerodha        48.16 INR
  Assets:IN:Investment:Zerodha:Cash

2017-07-05 * "buy IIINFOTECH with TradeRef 668315" ^1000000001667206
  Assets:IN:Investment:ILFSSS:IIINFOTECH  377 IIINFOTECH {4.5 INR}
  Expenses:Financial:Taxes:Zerodha        1.7 INR
  Assets:IN:Investment:Zerodha:Cash

2017-07-05 * "buy IIINFOTECH with TradeRef 668316" ^1000000001667206
  Assets:IN:Investment:ILFSSS:IIINFOTECH   100 IIINFOTECH {4.5 INR}
  Expenses:Financial:Taxes:Zerodha        0.45 INR
  Assets:IN:Investment:Zerodha:Cash

2017-07-05 * "buy IIINFOTECH with TradeRef 1206650" ^1000000000686411
  Assets:IN:Investment:ILFSSS:IIINFOTECH   4591 IIINFOTECH {4.45 INR}
  Expenses:Financial:Taxes:Zerodha        20.43 INR
  Assets:IN:Investment:Zerodha:Cash

2017-07-05 * "buy IIINFOTECH with TradeRef 1221469" ^1000000000686411
  Assets:IN:Investment:ILFSSS:IIINFOTECH     3 IIINFOTECH {4.45 INR}
  Expenses:Financial:Taxes:Zerodha        0.01 INR
  Assets:IN:Investment:Zerodha:Cash

2017-07-05 * "buy IIINFOTECH with TradeRef 1221809" ^1000000000686411
  Assets:IN:Investment:ILFSSS:IIINFOTECH  2000 IIINFOTECH {4.45 INR}
  Expenses:Financial:Taxes:Zerodha         8.9 INR
  Assets:IN:Investment:Zerodha:Cash

2017-07-05 * "buy IIINFOTECH with TradeRef 1229902" ^1000000000686411
  Assets:IN:Investment:ILFSSS:IIINFOTECH   333 IIINFOTECH {4.45 INR}
  Expenses:Financial:Taxes:Zerodha        1.48 INR
  Assets:IN:Investment:Zerodha:Cash

2017-07-05 * "buy IIINFOTECH with TradeRef 1229903" ^1000000000686411
  Assets:IN:Investment:ILFSSS:IIINFOTECH   333 IIINFOTECH {4.45 INR}
  Expenses:Financial:Taxes:Zerodha        1.48 INR
  Assets:IN:Investment:Zerodha:Cash

2017-07-05 * "buy IIINFOTECH with TradeRef 1229940" ^1000000000686411
  Assets:IN:Investment:ILFSSS:IIINFOTECH   108 IIINFOTECH {4.45 INR}
  Expenses:Financial:Taxes:Zerodha        0.48 INR
  Assets:IN:Investment:Zerodha:Cash

2017-07-05 * "buy IIINFOTECH with TradeRef 1229939" ^1000000000686411
  Assets:IN:Investment:ILFSSS:IIINFOTECH   333 IIINFOTECH {4.45 INR}
  Expenses:Financial:Taxes:Zerodha        1.48 INR
  Assets:IN:Investment:Zerodha:Cash

2017-07-05 * "buy IIINFOTECH with TradeRef 1255925" ^1000000000686411
  Assets:IN:Investment:ILFSSS:IIINFOTECH   300 IIINFOTECH {4.45 INR}
  Expenses:Financial:Taxes:Zerodha        1.34 INR
  Assets:IN:Investment:Zerodha:Cash

2017-07-05 * "buy IIINFOTECH with TradeRef 1269561" ^1000000000686411
  Assets:IN:Investment:ILFSSS:IIINFOTECH   200 IIINFOTECH {4.45 INR}
  Expenses:Financial:Taxes:Zerodha        0.89 INR
  Assets:IN:Investment:Zerodha:Cash

2017-07-05 * "buy IIINFOTECH with TradeRef 1295512" ^1000000000686411
  Assets:IN:Investment:ILFSSS:IIINFOTECH  1 IIINFOTECH {4.45 INR}
  Expenses:Financial:Taxes:Zerodha        0 INR
  Assets:IN:Investment:Zerodha:Cash

2017-07-05 * "buy IIINFOTECH with TradeRef 1317611" ^1000000000686411
  Assets:IN:Investment:ILFSSS:IIINFOTECH   400 IIINFOTECH {4.45 INR}
  Expenses:Financial:Taxes:Zerodha        1.78 INR
  Assets:IN:Investment:Zerodha:Cash

2017-07-05 * "buy IIINFOTECH with TradeRef 1319556" ^1000000000686411
  Assets:IN:Investment:ILFSSS:IIINFOTECH  1 IIINFOTECH {4.45 INR}
  Expenses:Financial:Taxes:Zerodha        0 INR
  Assets:IN:Investment:Zerodha:Cash

2017-07-05 * "buy IIINFOTECH with TradeRef 1322954" ^1000000000686411
  Assets:IN:Investment:ILFSSS:IIINFOTECH  1 IIINFOTECH {4.45 INR}
  Expenses:Financial:Taxes:Zerodha        0 INR
  Assets:IN:Investment:Zerodha:Cash

2017-07-05 * "buy IIINFOTECH with TradeRef 1328416" ^1000000000686411
  Assets:IN:Investment:ILFSSS:IIINFOTECH     2 IIINFOTECH {4.45 INR}
  Expenses:Financial:Taxes:Zerodha        0.01 INR
  Assets:IN:Investment:Zerodha:Cash

2017-07-05 * "buy IIINFOTECH with TradeRef 1335266" ^1000000000686411
  Assets:IN:Investment:ILFSSS:IIINFOTECH  1500 IIINFOTECH {4.45 INR}
  Expenses:Financial:Taxes:Zerodha        6.68 INR
  Assets:IN:Investment:Zerodha:Cash

2017-07-05 * "buy IIINFOTECH with TradeRef 1335499" ^1000000000686411
  Assets:IN:Investment:ILFSSS:IIINFOTECH   144 IIINFOTECH {4.45 INR}
  Expenses:Financial:Taxes:Zerodha        0.64 INR
  Assets:IN:Investment:Zerodha:Cash

2017-07-05 * "sell LIQUIDBEES with TradeRef 51907299" ^1200000003827633
  Assets:IN:Investment:ILFSSS:LIQUIDBEES    -549 LIQUIDBEES {} @ 1000 INR
  Expenses:Financial:Taxes:Zerodha           549 INR
  Assets:IN:Investment:Zerodha:Cash       548451 INR
  Income:IN:Investment:PnL:LIQUIDBEES

2017-07-05 * "buy IIINFOTECH with TradeRef 1590141" ^1000000003357036
  Assets:IN:Investment:ILFSSS:IIINFOTECH   9550 IIINFOTECH {4.5 INR}
  Expenses:Financial:Taxes:Zerodha        42.98 INR
  Assets:IN:Investment:Zerodha:Cash

2017-07-05 * "buy IIINFOTECH with TradeRef 1590146" ^1000000003357036
  Assets:IN:Investment:ILFSSS:IIINFOTECH   450 IIINFOTECH {4.5 INR}
  Expenses:Financial:Taxes:Zerodha        2.03 INR
  Assets:IN:Investment:Zerodha:Cash

2017-07-05 * "buy IIINFOTECH with TradeRef 1590148" ^1000000003357036
  Assets:IN:Investment:ILFSSS:IIINFOTECH  1 IIINFOTECH {4.5 INR}
  Expenses:Financial:Taxes:Zerodha        0 INR
  Assets:IN:Investment:Zerodha:Cash

2017-07-05 * "buy IIINFOTECH with TradeRef 1590147" ^1000000003357036
  Assets:IN:Investment:ILFSSS:IIINFOTECH  17047 IIINFOTECH {4.5 INR}
  Expenses:Financial:Taxes:Zerodha        76.71 INR
  Assets:IN:Investment:Zerodha:Cash

2017-07-05 * "buy IIINFOTECH with TradeRef 1590143" ^1000000003357036
  Assets:IN:Investment:ILFSSS:IIINFOTECH  1600 IIINFOTECH {4.5 INR}
  Expenses:Financial:Taxes:Zerodha         7.2 INR
  Assets:IN:Investment:Zerodha:Cash

2017-07-05 * "buy IIINFOTECH with TradeRef 1590145" ^1000000003357036
  Assets:IN:Investment:ILFSSS:IIINFOTECH  1000 IIINFOTECH {4.5 INR}
  Expenses:Financial:Taxes:Zerodha         4.5 INR
  Assets:IN:Investment:Zerodha:Cash

2017-07-05 * "buy IIINFOTECH with TradeRef 1590144" ^1000000003357036
  Assets:IN:Investment:ILFSSS:IIINFOTECH  1000 IIINFOTECH {4.5 INR}
  Expenses:Financial:Taxes:Zerodha         4.5 INR
  Assets:IN:Investment:Zerodha:Cash

2017-07-05 * "buy IIINFOTECH with TradeRef 1590142" ^1000000003357036
  Assets:IN:Investment:ILFSSS:IIINFOTECH   100 IIINFOTECH {4.5 INR}
  Expenses:Financial:Taxes:Zerodha        0.45 INR
  Assets:IN:Investment:Zerodha:Cash

2017-07-05 * "buy IIINFOTECH with TradeRef 1590293" ^1000000003357036
  Assets:IN:Investment:ILFSSS:IIINFOTECH  12277 IIINFOTECH {4.5 INR}
  Expenses:Financial:Taxes:Zerodha        55.25 INR
  Assets:IN:Investment:Zerodha:Cash

2017-07-05 * "buy IIINFOTECH with TradeRef 1591568" ^1000000003357036
  Assets:IN:Investment:ILFSSS:IIINFOTECH     5 IIINFOTECH {4.5 INR}
  Expenses:Financial:Taxes:Zerodha        0.02 INR
  Assets:IN:Investment:Zerodha:Cash

2017-07-05 * "buy IIINFOTECH with TradeRef 1597513" ^1000000003357036
  Assets:IN:Investment:ILFSSS:IIINFOTECH  10000 IIINFOTECH {4.5 INR}
  Expenses:Financial:Taxes:Zerodha           45 INR
  Assets:IN:Investment:Zerodha:Cash

2017-07-05 * "buy IIINFOTECH with TradeRef 1598232" ^1000000003357036
  Assets:IN:Investment:ILFSSS:IIINFOTECH  5000 IIINFOTECH {4.5 INR}
  Expenses:Financial:Taxes:Zerodha        22.5 INR
  Assets:IN:Investment:Zerodha:Cash

2017-07-05 * "buy IIINFOTECH with TradeRef 1599070" ^1000000003357036
  Assets:IN:Investment:ILFSSS:IIINFOTECH  1680 IIINFOTECH {4.5 INR}
  Expenses:Financial:Taxes:Zerodha        7.56 INR
  Assets:IN:Investment:Zerodha:Cash

2017-07-05 * "buy IIINFOTECH with TradeRef 1601509" ^1000000003357036
  Assets:IN:Investment:ILFSSS:IIINFOTECH   500 IIINFOTECH {4.5 INR}
  Expenses:Financial:Taxes:Zerodha        2.25 INR
  Assets:IN:Investment:Zerodha:Cash

2017-07-05 * "buy IIINFOTECH with TradeRef 1603503" ^1000000003357036
  Assets:IN:Investment:ILFSSS:IIINFOTECH  1000 IIINFOTECH {4.5 INR}
  Expenses:Financial:Taxes:Zerodha         4.5 INR
  Assets:IN:Investment:Zerodha:Cash

2017-07-05 * "buy IIINFOTECH with TradeRef 1603504" ^1000000003357036
  Assets:IN:Investment:ILFSSS:IIINFOTECH  1000 IIINFOTECH {4.5 INR}
  Expenses:Financial:Taxes:Zerodha         4.5 INR
  Assets:IN:Investment:Zerodha:Cash

2017-07-05 * "buy IIINFOTECH with TradeRef 1603431" ^1000000003357036
  Assets:IN:Investment:ILFSSS:IIINFOTECH  2000 IIINFOTECH {4.5 INR}
  Expenses:Financial:Taxes:Zerodha           9 INR
  Assets:IN:Investment:Zerodha:Cash

2017-07-05 * "buy IIINFOTECH with TradeRef 1604380" ^1000000003357036
  Assets:IN:Investment:ILFSSS:IIINFOTECH  10000 IIINFOTECH {4.5 INR}
  Expenses:Financial:Taxes:Zerodha           45 INR
  Assets:IN:Investment:Zerodha:Cash

2017-07-05 * "buy IIINFOTECH with TradeRef 1607275" ^1000000003357036
  Assets:IN:Investment:ILFSSS:IIINFOTECH  1000 IIINFOTECH {4.5 INR}
  Expenses:Financial:Taxes:Zerodha         4.5 INR
  Assets:IN:Investment:Zerodha:Cash

2017-07-05 * "buy IIINFOTECH with TradeRef 1607267" ^1000000003357036
  Assets:IN:Investment:ILFSSS:IIINFOTECH  1000 IIINFOTECH {4.5 INR}
  Expenses:Financial:Taxes:Zerodha         4.5 INR
  Assets:IN:Investment:Zerodha:Cash

2017-07-05 * "buy IIINFOTECH with TradeRef 1607276" ^1000000003357036
  Assets:IN:Investment:ILFSSS:IIINFOTECH  1000 IIINFOTECH {4.5 INR}
  Expenses:Financial:Taxes:Zerodha         4.5 INR
  Assets:IN:Investment:Zerodha:Cash

2017-07-05 * "buy IIINFOTECH with TradeRef 1607266" ^1000000003357036
  Assets:IN:Investment:ILFSSS:IIINFOTECH  200 IIINFOTECH {4.5 INR}
  Expenses:Financial:Taxes:Zerodha        0.9 INR
  Assets:IN:Investment:Zerodha:Cash

2017-07-05 * "buy IIINFOTECH with TradeRef 1607264" ^1000000003357036
  Assets:IN:Investment:ILFSSS:IIINFOTECH   186 IIINFOTECH {4.5 INR}
  Expenses:Financial:Taxes:Zerodha        0.84 INR
  Assets:IN:Investment:Zerodha:Cash

2017-07-05 * "buy IIINFOTECH with TradeRef 1607265" ^1000000003357036
  Assets:IN:Investment:ILFSSS:IIINFOTECH   500 IIINFOTECH {4.5 INR}
  Expenses:Financial:Taxes:Zerodha        2.25 INR
  Assets:IN:Investment:Zerodha:Cash

2017-07-05 * "buy IIINFOTECH with TradeRef 1607268" ^1000000003357036
  Assets:IN:Investment:ILFSSS:IIINFOTECH  1000 IIINFOTECH {4.5 INR}
  Expenses:Financial:Taxes:Zerodha         4.5 INR
  Assets:IN:Investment:Zerodha:Cash

2017-07-05 * "buy IIINFOTECH with TradeRef 1609830" ^1000000003357036
  Assets:IN:Investment:ILFSSS:IIINFOTECH   450 IIINFOTECH {4.5 INR}
  Expenses:Financial:Taxes:Zerodha        2.03 INR
  Assets:IN:Investment:Zerodha:Cash

2017-07-06 * "buy IIINFOTECH with TradeRef 962401" ^1000000002082347
  Assets:IN:Investment:ILFSSS:IIINFOTECH  12709 IIINFOTECH {4.45 INR}
  Expenses:Financial:Taxes:Zerodha        56.56 INR
  Assets:IN:Investment:Zerodha:Cash

2017-07-06 * "buy IIINFOTECH with TradeRef 962400" ^1000000002082347
  Assets:IN:Investment:ILFSSS:IIINFOTECH  22629 IIINFOTECH {4.45 INR}
  Expenses:Financial:Taxes:Zerodha        100.7 INR
  Assets:IN:Investment:Zerodha:Cash

2017-07-06 * "buy IIINFOTECH with TradeRef 962399" ^1000000002082347
  Assets:IN:Investment:ILFSSS:IIINFOTECH  1 IIINFOTECH {4.45 INR}
  Expenses:Financial:Taxes:Zerodha        0 INR
  Assets:IN:Investment:Zerodha:Cash

2017-07-06 * "buy IIINFOTECH with TradeRef 962398" ^1000000002082347
  Assets:IN:Investment:ILFSSS:IIINFOTECH  12161 IIINFOTECH {4.45 INR}
  Expenses:Financial:Taxes:Zerodha        54.12 INR
  Assets:IN:Investment:Zerodha:Cash

2017-07-07 * "buy IIINFOTECH with TradeRef 201903" ^1000000000565108
  Assets:IN:Investment:ILFSSS:IIINFOTECH  7101 IIINFOTECH {4.45 INR}
  Expenses:Financial:Taxes:Zerodha        31.6 INR
  Assets:IN:Investment:Zerodha:Cash

2017-07-07 * "buy IIINFOTECH with TradeRef 1545314" ^1000000003120754
  Assets:IN:Investment:ILFSSS:IIINFOTECH   5555 IIINFOTECH {4.4 INR}
  Expenses:Financial:Taxes:Zerodha        24.44 INR
  Assets:IN:Investment:Zerodha:Cash

2017-08-23 * "sell LIQUIDBEES with TradeRef 50522797" ^1200000001486184
  Assets:IN:Investment:ILFSSS:LIQUIDBEES      -1 LIQUIDBEES {} @ 999.99 INR
  Expenses:Financial:Taxes:Zerodha             1 INR
  Assets:IN:Investment:Zerodha:Cash       998.99 INR
  Income:IN:Investment:PnL:LIQUIDBEES

2017-08-23 * "buy INFY with TradeRef 25927068" ^1100000002069038
  Assets:IN:Investment:ILFSSS:INFY      5 INFY {881.5 INR}
  Expenses:Financial:Taxes:Zerodha   4.41 INR
  Assets:IN:Investment:Zerodha:Cash

2017-08-23 * "buy INFY with TradeRef 25927128" ^1100000002069038
  Assets:IN:Investment:ILFSSS:INFY      18 INFY {881.5 INR}
  Expenses:Financial:Taxes:Zerodha   15.87 INR
  Assets:IN:Investment:Zerodha:Cash

2018-02-15 * "buy PNB with TradeRef 51186539" ^1200000003000736
  Assets:IN:Investment:ILFSSS:PNB      57 PNB {137.1 INR}
  Expenses:Financial:Taxes:Zerodha   7.81 INR
  Assets:IN:Investment:Zerodha:Cash

2018-02-15 * "buy DENABANK with TradeRef 889760" ^1000000002360777
  Assets:IN:Investment:ILFSSS:DENABANK   251 DENABANK {22.2 INR}
  Expenses:Financial:Taxes:Zerodha      5.57 INR
  Assets:IN:Investment:Zerodha:Cash

2018-02-15 * "buy DENABANK with TradeRef 890368" ^1000000002360777
  Assets:IN:Investment:ILFSSS:DENABANK    59 DENABANK {22.2 INR}
  Expenses:Financial:Taxes:Zerodha      1.31 INR
  Assets:IN:Investment:Zerodha:Cash

2018-04-11 * "sell GDL with TradeRef 25256711" ^1100000000721529
  Assets:IN:Investment:ILFSSS:GDL        -41 GDL {} @ 184.4 INR
  Expenses:Financial:Taxes:Zerodha      7.56 INR
  Assets:IN:Investment:Zerodha:Cash  7552.84 INR
  Income:IN:Investment:PnL:GDL

2018-04-11 * "sell GDL with TradeRef 25256712" ^1100000000721529
  Assets:IN:Investment:ILFSSS:GDL         -71 GDL {} @ 184.4 INR
  Expenses:Financial:Taxes:Zerodha      13.09 INR
  Assets:IN:Investment:Zerodha:Cash  13079.31 INR
  Income:IN:Investment:PnL:GDL

2018-04-11 * "sell PNB with TradeRef 50231445" ^1200000000697781
  Assets:IN:Investment:ILFSSS:PNB        -57 PNB {} @ 103.8 INR
  Expenses:Financial:Taxes:Zerodha      5.92 INR
  Assets:IN:Investment:Zerodha:Cash  5910.68 INR
  Income:IN:Investment:PnL:PNB

2018-04-11 * "sell ENGINERSIN with TradeRef 25272007" ^1100000000714668
  Assets:IN:Investment:ILFSSS:ENGINERSIN      -70 ENGINERSIN {} @ 162.8 INR
  Expenses:Financial:Taxes:Zerodha           11.4 INR
  Assets:IN:Investment:Zerodha:Cash       11384.6 INR
  Income:IN:Investment:PnL:ENGINERSIN

2018-04-11 * "sell DENABANK with TradeRef 261796" ^1000000000669613
  Assets:IN:Investment:ILFSSS:DENABANK      -500 DENABANK {} @ 20.25 INR
  Expenses:Financial:Taxes:Zerodha         10.13 INR
  Assets:IN:Investment:Zerodha:Cash     10114.87 INR
  Income:IN:Investment:PnL:DENABANK

2018-04-11 * "sell DENABANK with TradeRef 278928" ^1000000000669613
  Assets:IN:Investment:ILFSSS:DENABANK    -10 DENABANK {} @ 20.25 INR
  Expenses:Financial:Taxes:Zerodha        0.2 INR
  Assets:IN:Investment:Zerodha:Cash     202.3 INR
  Income:IN:Investment:PnL:DENABANK

2018-04-11 * "buy IIINFOTECH with TradeRef 513023" ^1000000001014977
  Assets:IN:Investment:ILFSSS:IIINFOTECH  10200 IIINFOTECH {5.2 INR}
  Expenses:Financial:Taxes:Zerodha        53.04 INR
  Assets:IN:Investment:Zerodha:Cash

2018-10-08 * "sell NTPC with TradeRef 53237614" ^1200000007127047
  Assets:IN:Investment:ILFSSS:NTPC       -214 NTPC {} @ 161.3 INR
  Expenses:Financial:Taxes:Zerodha      34.52 INR
  Assets:IN:Investment:Zerodha:Cash  34483.68 INR
  Income:IN:Investment:PnL:NTPC

2018-10-08 * "buy BANKBARODA with TradeRef 3940872" ^1000000009520446
  Assets:IN:Investment:ILFSSS:BANKBARODA    350 BANKBARODA {96.1 INR}
  Expenses:Financial:Taxes:Zerodha        33.64 INR
  Assets:IN:Investment:Zerodha:Cash

2018-10-08 * "buy BANKBARODA with TradeRef 3949405" ^1000000009536644
  Assets:IN:Investment:ILFSSS:BANKBARODA     6 BANKBARODA {96.1 INR}
  Expenses:Financial:Taxes:Zerodha        0.58 INR
  Assets:IN:Investment:Zerodha:Cash

2018-10-10 * "sell COALINDIA with TradeRef 1106305" ^1000000003055696
  Assets:IN:Investment:ILFSSS:COALINDIA      -10 COALINDIA {} @ 274.75 INR
  Expenses:Financial:Taxes:Zerodha          2.75 INR
  Assets:IN:Investment:Zerodha:Cash      2744.75 INR
  Income:IN:Investment:PnL:COALINDIA

2018-10-10 * "sell COALINDIA with TradeRef 1106306" ^1000000003055696
  Assets:IN:Investment:ILFSSS:COALINDIA      -182 COALINDIA {} @ 274.65 INR
  Expenses:Financial:Taxes:Zerodha          49.99 INR
  Assets:IN:Investment:Zerodha:Cash      49936.31 INR
  Income:IN:Investment:PnL:COALINDIA

2018-10-10 * "sell COALINDIA with TradeRef 1106307" ^1000000003055696
  Assets:IN:Investment:ILFSSS:COALINDIA       -7 COALINDIA {} @ 274.6 INR
  Expenses:Financial:Taxes:Zerodha          1.92 INR
  Assets:IN:Investment:Zerodha:Cash      1920.28 INR
  Income:IN:Investment:PnL:COALINDIA

2018-10-10 * "buy BPCL with TradeRef 1111697" ^1000000003068925
  Assets:IN:Investment:ILFSSS:BPCL      41 BPCL {259.6 INR}
  Expenses:Financial:Taxes:Zerodha   10.64 INR
  Assets:IN:Investment:Zerodha:Cash

2018-10-10 * "buy BPCL with TradeRef 1111698" ^1000000003068925
  Assets:IN:Investment:ILFSSS:BPCL      6 BPCL {259.6 INR}
  Expenses:Financial:Taxes:Zerodha   1.56 INR
  Assets:IN:Investment:Zerodha:Cash

2018-10-10 * "buy BPCL with TradeRef 1111699" ^1000000003068925
  Assets:IN:Investment:ILFSSS:BPCL      61 BPCL {259.6 INR}
  Expenses:Financial:Taxes:Zerodha   15.84 INR
  Assets:IN:Investment:Zerodha:Cash

2018-10-10 * "buy BPCL with TradeRef 1111700" ^1000000003068925
  Assets:IN:Investment:ILFSSS:BPCL      6 BPCL {259.6 INR}
  Expenses:Financial:Taxes:Zerodha   1.56 INR
  Assets:IN:Investment:Zerodha:Cash

2018-10-10 * "buy BPCL with TradeRef 1111701" ^1000000003068925
  Assets:IN:Investment:ILFSSS:BPCL      61 BPCL {259.6 INR}
  Expenses:Financial:Taxes:Zerodha   15.84 INR
  Assets:IN:Investment:Zerodha:Cash

2018-10-10 * "buy BPCL with TradeRef 1111702" ^1000000003068925
  Assets:IN:Investment:ILFSSS:BPCL      6 BPCL {259.6 INR}
  Expenses:Financial:Taxes:Zerodha   1.56 INR
  Assets:IN:Investment:Zerodha:Cash

2018-10-10 * "buy BPCL with TradeRef 1111703" ^1000000003068925
  Assets:IN:Investment:ILFSSS:BPCL     30 BPCL {259.6 INR}
  Expenses:Financial:Taxes:Zerodha   7.79 INR
  Assets:IN:Investment:Zerodha:Cash

2018-10-10 * "buy CENTRALBK with TradeRef 1161486" ^1000000003173833
  Assets:IN:Investment:ILFSSS:CENTRALBK  697 CENTRALBK {28.7 INR}
  Expenses:Financial:Taxes:Zerodha        20 INR
  Assets:IN:Investment:Zerodha:Cash

2018-10-10 * "buy BPCL with TradeRef 1234247" ^1000000003355564
  Assets:IN:Investment:ILFSSS:BPCL      77 BPCL {259.2 INR}
  Expenses:Financial:Taxes:Zerodha   19.96 INR
  Assets:IN:Investment:Zerodha:Cash

2018-10-10 * "buy HINDPETRO with TradeRef 26195172" ^1100000002850138
  Assets:IN:Investment:ILFSSS:HINDPETRO    114 HINDPETRO {174.2 INR}
  Expenses:Financial:Taxes:Zerodha       19.86 INR
  Assets:IN:Investment:Zerodha:Cash

2018-10-10 * "buy IIINFOTECH with TradeRef 3289005" ^1000000008124016
  Assets:IN:Investment:ILFSSS:IIINFOTECH   5900 IIINFOTECH {3.4 INR}
  Expenses:Financial:Taxes:Zerodha        20.06 INR
  Assets:IN:Investment:Zerodha:Cash

2018-10-23 * "buy IIINFOTECH with TradeRef 909383" ^1000000002527380
  Assets:IN:Investment:ILFSSS:IIINFOTECH  6000 IIINFOTECH {3.3 INR}
  Expenses:Financial:Taxes:Zerodha        19.8 INR
  Assets:IN:Investment:Zerodha:Cash

2019-07-17 * "sell INFY with TradeRef 27409080" ^1100000005550568
  Assets:IN:Investment:ILFSSS:INFY        -50 INFY {} @ 794.55 INR
  Expenses:Financial:Taxes:Zerodha      39.73 INR
  Assets:IN:Investment:Zerodha:Cash  39687.77 INR
  Income:IN:Investment:PnL:INFY

2019-07-17 * "buy IIINFOTECH with TradeRef 2332689" ^1000000006147601
  Assets:IN:Investment:ILFSSS:IIINFOTECH  14700 IIINFOTECH {2.7 INR}
  Expenses:Financial:Taxes:Zerodha         39.69 INR
  Assets:IN:Investment:Zerodha:Cash

2019-07-25 * "sell RECLTD with TradeRef 78401396" ^1300000008659731
  Assets:IN:Investment:ILFSSS:RECLTD      -242 RECLTD {} @ 146.8 INR
  Expenses:Financial:Taxes:Zerodha       35.53 INR
  Assets:IN:Investment:Zerodha:Cash   35490.07 INR
  Income:IN:Investment:PnL:RECLTD

2019-07-25 * "buy IIINFOTECH with TradeRef 3149261" ^1000000008547413
  Assets:IN:Investment:ILFSSS:IIINFOTECH  14000 IIINFOTECH {2.45 INR}
  Expenses:Financial:Taxes:Zerodha          34.3 INR
  Assets:IN:Investment:Zerodha:Cash

2019-07-25 * "buy IIINFOTECH with TradeRef 3170072" ^1000000008584365
  Assets:IN:Investment:ILFSSS:IIINFOTECH  409 IIINFOTECH {2.45 INR}
  Expenses:Financial:Taxes:Zerodha           1 INR
  Assets:IN:Investment:Zerodha:Cash

2019-09-05 * "sell BPCL with TradeRef 617941" ^1000000001846185
  Assets:IN:Investment:ILFSSS:BPCL       -12 BPCL {} @ 383.85 INR
  Expenses:Financial:Taxes:Zerodha      4.61 INR
  Assets:IN:Investment:Zerodha:Cash  4601.59 INR
  Income:IN:Investment:PnL:BPCL

2019-09-05 * "sell BPCL with TradeRef 617943" ^1000000001846185
  Assets:IN:Investment:ILFSSS:BPCL       -6 BPCL {} @ 383.85 INR
  Expenses:Financial:Taxes:Zerodha      2.3 INR
  Assets:IN:Investment:Zerodha:Cash  2300.8 INR
  Income:IN:Investment:PnL:BPCL

2019-09-05 * "sell BPCL with TradeRef 617944" ^1000000001846185
  Assets:IN:Investment:ILFSSS:BPCL       -24 BPCL {} @ 383.85 INR
  Expenses:Financial:Taxes:Zerodha      9.21 INR
  Assets:IN:Investment:Zerodha:Cash  9203.19 INR
  Income:IN:Investment:PnL:BPCL

2019-09-05 * "sell BPCL with TradeRef 617945" ^1000000001846185
  Assets:IN:Investment:ILFSSS:BPCL       -12 BPCL {} @ 383.85 INR
  Expenses:Financial:Taxes:Zerodha      4.61 INR
  Assets:IN:Investment:Zerodha:Cash  4601.59 INR
  Income:IN:Investment:PnL:BPCL

2019-09-05 * "sell BPCL with TradeRef 617946" ^1000000001846185
  Assets:IN:Investment:ILFSSS:BPCL       -10 BPCL {} @ 383.85 INR
  Expenses:Financial:Taxes:Zerodha      3.84 INR
  Assets:IN:Investment:Zerodha:Cash  3834.66 INR
  Income:IN:Investment:PnL:BPCL

2019-09-05 * "sell BPCL with TradeRef 617947" ^1000000001846185
  Assets:IN:Investment:ILFSSS:BPCL       -6 BPCL {} @ 383.85 INR
  Expenses:Financial:Taxes:Zerodha      2.3 INR
  Assets:IN:Investment:Zerodha:Cash  2300.8 INR
  Income:IN:Investment:PnL:BPCL

2019-09-05 * "sell BPCL with TradeRef 617948" ^1000000001846185
  Assets:IN:Investment:ILFSSS:BPCL       -24 BPCL {} @ 383.85 INR
  Expenses:Financial:Taxes:Zerodha      9.21 INR
  Assets:IN:Investment:Zerodha:Cash  9203.19 INR
  Income:IN:Investment:PnL:BPCL

2019-09-05 * "sell BPCL with TradeRef 617949" ^1000000001846185
  Assets:IN:Investment:ILFSSS:BPCL       -12 BPCL {} @ 383.85 INR
  Expenses:Financial:Taxes:Zerodha      4.61 INR
  Assets:IN:Investment:Zerodha:Cash  4601.59 INR
  Income:IN:Investment:PnL:BPCL

2019-09-05 * "sell BPCL with TradeRef 617950" ^1000000001846185
  Assets:IN:Investment:ILFSSS:BPCL       -10 BPCL {} @ 383.85 INR
  Expenses:Financial:Taxes:Zerodha      3.84 INR
  Assets:IN:Investment:Zerodha:Cash  3834.66 INR
  Income:IN:Investment:PnL:BPCL

2019-09-05 * "sell BPCL with TradeRef 617951" ^1000000001846185
  Assets:IN:Investment:ILFSSS:BPCL       -6 BPCL {} @ 383.85 INR
  Expenses:Financial:Taxes:Zerodha      2.3 INR
  Assets:IN:Investment:Zerodha:Cash  2300.8 INR
  Income:IN:Investment:PnL:BPCL

2019-09-05 * "sell BPCL with TradeRef 617952" ^1000000001846185
  Assets:IN:Investment:ILFSSS:BPCL       -24 BPCL {} @ 383.85 INR
  Expenses:Financial:Taxes:Zerodha      9.21 INR
  Assets:IN:Investment:Zerodha:Cash  9203.19 INR
  Income:IN:Investment:PnL:BPCL

2019-09-05 * "sell BPCL with TradeRef 617953" ^1000000001846185
  Assets:IN:Investment:ILFSSS:BPCL       -12 BPCL {} @ 383.85 INR
  Expenses:Financial:Taxes:Zerodha      4.61 INR
  Assets:IN:Investment:Zerodha:Cash  4601.59 INR
  Income:IN:Investment:PnL:BPCL

2019-09-05 * "sell BPCL with TradeRef 617954" ^1000000001846185
  Assets:IN:Investment:ILFSSS:BPCL        -9 BPCL {} @ 383.85 INR
  Expenses:Financial:Taxes:Zerodha      3.45 INR
  Assets:IN:Investment:Zerodha:Cash  3451.20 INR
  Income:IN:Investment:PnL:BPCL

2019-09-05 * "sell BPCL with TradeRef 617942" ^1000000001846185
  Assets:IN:Investment:ILFSSS:BPCL       -10 BPCL {} @ 383.85 INR
  Expenses:Financial:Taxes:Zerodha      3.84 INR
  Assets:IN:Investment:Zerodha:Cash  3834.66 INR
  Income:IN:Investment:PnL:BPCL

2019-09-05 * "sell BPCL with TradeRef 617937" ^1000000001846185
  Assets:IN:Investment:ILFSSS:BPCL        -79 BPCL {} @ 383.9 INR
  Expenses:Financial:Taxes:Zerodha      30.33 INR
  Assets:IN:Investment:Zerodha:Cash  30297.77 INR
  Income:IN:Investment:PnL:BPCL

2019-09-05 * "sell BPCL with TradeRef 617938" ^1000000001846185
  Assets:IN:Investment:ILFSSS:BPCL       -2 BPCL {} @ 383.85 INR
  Expenses:Financial:Taxes:Zerodha     0.77 INR
  Assets:IN:Investment:Zerodha:Cash  766.93 INR
  Income:IN:Investment:PnL:BPCL

2019-09-05 * "sell BPCL with TradeRef 617939" ^1000000001846185
  Assets:IN:Investment:ILFSSS:BPCL       -6 BPCL {} @ 383.85 INR
  Expenses:Financial:Taxes:Zerodha      2.3 INR
  Assets:IN:Investment:Zerodha:Cash  2300.8 INR
  Income:IN:Investment:PnL:BPCL

2019-09-05 * "sell BPCL with TradeRef 617940" ^1000000001846185
  Assets:IN:Investment:ILFSSS:BPCL       -24 BPCL {} @ 383.85 INR
  Expenses:Financial:Taxes:Zerodha      9.21 INR
  Assets:IN:Investment:Zerodha:Cash  9203.19 INR
  Income:IN:Investment:PnL:BPCL

2019-09-05 * "buy IIINFOTECH with TradeRef 629209" ^1000000001872294
  Assets:IN:Investment:ILFSSS:IIINFOTECH  20000 IIINFOTECH {1.75 INR}
  Expenses:Financial:Taxes:Zerodha            35 INR
  Assets:IN:Investment:Zerodha:Cash

2019-09-05 * "buy IIINFOTECH with TradeRef 632073" ^1000000001879023
  Assets:IN:Investment:ILFSSS:IIINFOTECH  20000 IIINFOTECH {1.75 INR}
  Expenses:Financial:Taxes:Zerodha            35 INR
  Assets:IN:Investment:Zerodha:Cash

2019-09-05 * "buy IIINFOTECH with TradeRef 633001" ^1000000001881189
  Assets:IN:Investment:ILFSSS:IIINFOTECH  20000 IIINFOTECH {1.75 INR}
  Expenses:Financial:Taxes:Zerodha            35 INR
  Assets:IN:Investment:Zerodha:Cash

2019-09-05 * "buy IIINFOTECH with TradeRef 634164" ^1000000001883934
  Assets:IN:Investment:ILFSSS:IIINFOTECH  3000 IIINFOTECH {1.75 INR}
  Expenses:Financial:Taxes:Zerodha         5.25 INR
  Assets:IN:Investment:Zerodha:Cash

2019-11-25 * "sell GESHIP with TradeRef 28258840" ^1100000007936266
  Assets:IN:Investment:ILFSSS:GESHIP       -40 GESHIP {} @ 305.8 INR
  Expenses:Financial:Taxes:Zerodha       12.23 INR
  Assets:IN:Investment:Zerodha:Cash   12219.77 INR
  Income:IN:Investment:PnL:GESHIP

2019-11-25 * "sell GESHIP with TradeRef 28258700" ^1100000007936266
  Assets:IN:Investment:ILFSSS:GESHIP       -9 GESHIP {} @ 305.8 INR
  Expenses:Financial:Taxes:Zerodha       2.75 INR
  Assets:IN:Investment:Zerodha:Cash   2749.45 INR
  Income:IN:Investment:PnL:GESHIP

2019-11-25 * "sell GESHIP with TradeRef 28262115" ^1100000007936266
  Assets:IN:Investment:ILFSSS:GESHIP      -28 GESHIP {} @ 305.8 INR
  Expenses:Financial:Taxes:Zerodha       8.56 INR
  Assets:IN:Investment:Zerodha:Cash   8553.84 INR
  Income:IN:Investment:PnL:GESHIP

2019-11-25 * "sell BANKBARODA with TradeRef 2819894" ^1000000007177422
  Assets:IN:Investment:ILFSSS:BANKBARODA      -31 BANKBARODA {} @ 100.6 INR
  Expenses:Financial:Taxes:Zerodha           3.12 INR
  Assets:IN:Investment:Zerodha:Cash       3115.48 INR
  Income:IN:Investment:PnL:BANKBARODA

2019-11-25 * "sell BANKBARODA with TradeRef 2819843" ^1000000007177422
  Assets:IN:Investment:ILFSSS:BANKBARODA     -325 BANKBARODA {} @ 100.6 INR
  Expenses:Financial:Taxes:Zerodha           32.7 INR
  Assets:IN:Investment:Zerodha:Cash       32662.3 INR
  Income:IN:Investment:PnL:BANKBARODA

2019-11-25 * "sell HINDPETRO with TradeRef 28274792" ^1100000007952349
  Assets:IN:Investment:ILFSSS:HINDPETRO      -113 HINDPETRO {} @ 295.65 INR
  Expenses:Financial:Taxes:Zerodha          33.41 INR
  Assets:IN:Investment:Zerodha:Cash      33375.04 INR
  Income:IN:Investment:PnL:HINDPETRO

2019-11-25 * "sell HINDPETRO with TradeRef 28274791" ^1100000007952349
  Assets:IN:Investment:ILFSSS:HINDPETRO      -1 HINDPETRO {} @ 295.65 INR
  Expenses:Financial:Taxes:Zerodha          0.3 INR
  Assets:IN:Investment:Zerodha:Cash      295.35 INR
  Income:IN:Investment:PnL:HINDPETRO

2019-11-25 * "buy IIINFOTECH with TradeRef 2841228" ^1000000007217234
  Assets:IN:Investment:ILFSSS:IIINFOTECH  20000 IIINFOTECH {2 INR}
  Expenses:Financial:Taxes:Zerodha            40 INR
  Assets:IN:Investment:Zerodha:Cash

2019-11-25 * "buy IIINFOTECH with TradeRef 2854313" ^1000000007240215
  Assets:IN:Investment:ILFSSS:IIINFOTECH  20000 IIINFOTECH {2 INR}
  Expenses:Financial:Taxes:Zerodha            40 INR
  Assets:IN:Investment:Zerodha:Cash

2019-11-25 * "sell PFC with TradeRef 52123849" ^1200000006271002
  Assets:IN:Investment:ILFSSS:PFC       -65 PFC {} @ 118.5 INR
  Expenses:Financial:Taxes:Zerodha      7.7 INR
  Assets:IN:Investment:Zerodha:Cash  7694.8 INR
  Income:IN:Investment:PnL:PFC

2019-11-25 * "sell PFC with TradeRef 52123850" ^1200000006271002
  Assets:IN:Investment:ILFSSS:PFC        -14 PFC {} @ 118.5 INR
  Expenses:Financial:Taxes:Zerodha      1.66 INR
  Assets:IN:Investment:Zerodha:Cash  1657.34 INR
  Income:IN:Investment:PnL:PFC

2019-11-25 * "sell PFC with TradeRef 52123848" ^1200000006271002
  Assets:IN:Investment:ILFSSS:PFC        -14 PFC {} @ 118.5 INR
  Expenses:Financial:Taxes:Zerodha      1.66 INR
  Assets:IN:Investment:Zerodha:Cash  1657.34 INR
  Income:IN:Investment:PnL:PFC

2019-11-25 * "sell PFC with TradeRef 52123851" ^1200000006271002
  Assets:IN:Investment:ILFSSS:PFC        -4 PFC {} @ 118.5 INR
  Expenses:Financial:Taxes:Zerodha     0.47 INR
  Assets:IN:Investment:Zerodha:Cash  473.53 INR
  Income:IN:Investment:PnL:PFC

2019-11-25 * "sell PFC with TradeRef 52123847" ^1200000006271002
  Assets:IN:Investment:ILFSSS:PFC       -65 PFC {} @ 118.5 INR
  Expenses:Financial:Taxes:Zerodha      7.7 INR
  Assets:IN:Investment:Zerodha:Cash  7694.8 INR
  Income:IN:Investment:PnL:PFC

2019-11-25 * "sell PFC with TradeRef 52123846" ^1200000006271002
  Assets:IN:Investment:ILFSSS:PFC        -14 PFC {} @ 118.5 INR
  Expenses:Financial:Taxes:Zerodha      1.66 INR
  Assets:IN:Investment:Zerodha:Cash  1657.34 INR
  Income:IN:Investment:PnL:PFC

2019-11-25 * "sell PFC with TradeRef 52123845" ^1200000006271002
  Assets:IN:Investment:ILFSSS:PFC       -65 PFC {} @ 118.5 INR
  Expenses:Financial:Taxes:Zerodha      7.7 INR
  Assets:IN:Investment:Zerodha:Cash  7694.8 INR
  Income:IN:Investment:PnL:PFC

2019-11-25 * "sell PFC with TradeRef 52123844" ^1200000006271002
  Assets:IN:Investment:ILFSSS:PFC        -14 PFC {} @ 118.5 INR
  Expenses:Financial:Taxes:Zerodha      1.66 INR
  Assets:IN:Investment:Zerodha:Cash  1657.34 INR
  Income:IN:Investment:PnL:PFC

2019-11-25 * "sell PFC with TradeRef 52123843" ^1200000006271002
  Assets:IN:Investment:ILFSSS:PFC        -17 PFC {} @ 118.5 INR
  Expenses:Financial:Taxes:Zerodha      2.01 INR
  Assets:IN:Investment:Zerodha:Cash  2012.49 INR
  Income:IN:Investment:PnL:PFC

2019-11-25 * "buy IIINFOTECH with TradeRef 2907215" ^1000000007328196
  Assets:IN:Investment:ILFSSS:IIINFOTECH  12213 IIINFOTECH {2 INR}
  Expenses:Financial:Taxes:Zerodha         24.43 INR
  Assets:IN:Investment:Zerodha:Cash

2019-11-25 * "buy IIINFOTECH with TradeRef 2907216" ^1000000007328196
  Assets:IN:Investment:ILFSSS:IIINFOTECH  7787 IIINFOTECH {2 INR}
  Expenses:Financial:Taxes:Zerodha        15.57 INR
  Assets:IN:Investment:Zerodha:Cash

2019-11-25 * "sell GPPL with TradeRef 28394645" ^1100000007943867
  Assets:IN:Investment:ILFSSS:GPPL       -189 GPPL {} @ 87.25 INR
  Expenses:Financial:Taxes:Zerodha      16.49 INR
  Assets:IN:Investment:Zerodha:Cash  16473.76 INR
  Income:IN:Investment:PnL:GPPL

2019-11-25 * "sell GPPL with TradeRef 28394646" ^1100000007943867
  Assets:IN:Investment:ILFSSS:GPPL      -16 GPPL {} @ 87.25 INR
  Expenses:Financial:Taxes:Zerodha      1.4 INR
  Assets:IN:Investment:Zerodha:Cash  1394.6 INR
  Income:IN:Investment:PnL:GPPL

2019-11-25 * "buy IIINFOTECH with TradeRef 2964859" ^1000000007406628
  Assets:IN:Investment:ILFSSS:IIINFOTECH  1000 IIINFOTECH {2 INR}
  Expenses:Financial:Taxes:Zerodha            2 INR
  Assets:IN:Investment:Zerodha:Cash

2019-11-25 * "buy IIINFOTECH with TradeRef 2964858" ^1000000007406628
  Assets:IN:Investment:ILFSSS:IIINFOTECH  1711 IIINFOTECH {2 INR}
  Expenses:Financial:Taxes:Zerodha         3.42 INR
  Assets:IN:Investment:Zerodha:Cash

2019-11-25 * "buy IIINFOTECH with TradeRef 2964860" ^1000000007406628
  Assets:IN:Investment:ILFSSS:IIINFOTECH  8639 IIINFOTECH {2 INR}
  Expenses:Financial:Taxes:Zerodha        17.28 INR
  Assets:IN:Investment:Zerodha:Cash

2019-11-27 * "sell TVSMOTOR with TradeRef 77786454" ^1300000008234708
  Assets:IN:Investment:ILFSSS:TVSMOTOR      -38 TVSMOTOR {} @ 468.3 INR
  Expenses:Financial:Taxes:Zerodha         17.8 INR
  Assets:IN:Investment:Zerodha:Cash     17777.6 INR
  Income:IN:Investment:PnL:TVSMOTOR

2019-11-27 * "sell TVSMOTOR with TradeRef 77786452" ^1300000008234708
  Assets:IN:Investment:ILFSSS:TVSMOTOR       -363 TVSMOTOR {} @ 468.3 INR
  Expenses:Financial:Taxes:Zerodha         169.99 INR
  Assets:IN:Investment:Zerodha:Cash     169822.91 INR
  Income:IN:Investment:PnL:TVSMOTOR

2019-11-27 * "sell TVSMOTOR with TradeRef 77786453" ^1300000008234708
  Assets:IN:Investment:ILFSSS:TVSMOTOR       -25 TVSMOTOR {} @ 468.3 INR
  Expenses:Financial:Taxes:Zerodha         11.71 INR
  Assets:IN:Investment:Zerodha:Cash     11695.79 INR
  Income:IN:Investment:PnL:TVSMOTOR

2019-11-27 * "buy IIINFOTECH with TradeRef 2313899" ^1000000007118685
  Assets:IN:Investment:ILFSSS:IIINFOTECH  20000 IIINFOTECH {1.95 INR}
  Expenses:Financial:Taxes:Zerodha            39 INR
  Assets:IN:Investment:Zerodha:Cash

2019-11-27 * "buy IIINFOTECH with TradeRef 2314940" ^1000000007121239
  Assets:IN:Investment:ILFSSS:IIINFOTECH  20000 IIINFOTECH {1.95 INR}
  Expenses:Financial:Taxes:Zerodha            39 INR
  Assets:IN:Investment:Zerodha:Cash

2019-11-27 * "buy IIINFOTECH with TradeRef 2315558" ^1000000007122929
  Assets:IN:Investment:ILFSSS:IIINFOTECH  20000 IIINFOTECH {1.95 INR}
  Expenses:Financial:Taxes:Zerodha            39 INR
  Assets:IN:Investment:Zerodha:Cash

2019-11-27 * "buy IIINFOTECH with TradeRef 2316780" ^1000000007125180
  Assets:IN:Investment:ILFSSS:IIINFOTECH  20000 IIINFOTECH {1.95 INR}
  Expenses:Financial:Taxes:Zerodha            39 INR
  Assets:IN:Investment:Zerodha:Cash

2019-11-27 * "buy IIINFOTECH with TradeRef 2317902" ^1000000007127519
  Assets:IN:Investment:ILFSSS:IIINFOTECH  20000 IIINFOTECH {1.95 INR}
  Expenses:Financial:Taxes:Zerodha            39 INR
  Assets:IN:Investment:Zerodha:Cash

2019-11-27 * "buy IIINFOTECH with TradeRef 2321223" ^1000000007135835
  Assets:IN:Investment:ILFSSS:IIINFOTECH  2000 IIINFOTECH {1.95 INR}
  Expenses:Financial:Taxes:Zerodha          3.9 INR
  Assets:IN:Investment:Zerodha:Cash

2019-11-28 * "sell TVSMOTOR with TradeRef 77222721" ^1300000006233253
  Assets:IN:Investment:ILFSSS:TVSMOTOR       -329 TVSMOTOR {} @ 480 INR
  Expenses:Financial:Taxes:Zerodha         157.92 INR
  Assets:IN:Investment:Zerodha:Cash     157762.08 INR
  Income:IN:Investment:PnL:TVSMOTOR

2019-11-28 * "sell TVSMOTOR with TradeRef 77222763" ^1300000006233253
  Assets:IN:Investment:ILFSSS:TVSMOTOR       -67 TVSMOTOR {} @ 480 INR
  Expenses:Financial:Taxes:Zerodha         32.16 INR
  Assets:IN:Investment:Zerodha:Cash     32127.84 INR
  Income:IN:Investment:PnL:TVSMOTOR

2019-11-28 * "sell TVSMOTOR with TradeRef 77222750" ^1300000006233253
  Assets:IN:Investment:ILFSSS:TVSMOTOR     -20 TVSMOTOR {} @ 480 INR
  Expenses:Financial:Taxes:Zerodha         9.6 INR
  Assets:IN:Investment:Zerodha:Cash     9590.4 INR
  Income:IN:Investment:PnL:TVSMOTOR

2019-11-28 * "sell TVSMOTOR with TradeRef 77228992" ^1300000006285617
  Assets:IN:Investment:ILFSSS:TVSMOTOR      -2 TVSMOTOR {} @ 479.8 INR
  Expenses:Financial:Taxes:Zerodha        0.96 INR
  Assets:IN:Investment:Zerodha:Cash     958.64 INR
  Income:IN:Investment:PnL:TVSMOTOR

2019-11-28 * "buy IIINFOTECH with TradeRef 1726563" ^1000000005289774
  Assets:IN:Investment:ILFSSS:IIINFOTECH  20000 IIINFOTECH {2 INR}
  Expenses:Financial:Taxes:Zerodha            40 INR
  Assets:IN:Investment:Zerodha:Cash

2019-11-28 * "buy IIINFOTECH with TradeRef 1726941" ^1000000005291094
  Assets:IN:Investment:ILFSSS:IIINFOTECH  20000 IIINFOTECH {2 INR}
  Expenses:Financial:Taxes:Zerodha            40 INR
  Assets:IN:Investment:Zerodha:Cash

2019-11-28 * "buy IIINFOTECH with TradeRef 1727178" ^1000000005292247
  Assets:IN:Investment:ILFSSS:IIINFOTECH  20000 IIINFOTECH {2 INR}
  Expenses:Financial:Taxes:Zerodha            40 INR
  Assets:IN:Investment:Zerodha:Cash

2019-11-28 * "buy IIINFOTECH with TradeRef 1727363" ^1000000005292997
  Assets:IN:Investment:ILFSSS:IIINFOTECH  20000 IIINFOTECH {2 INR}
  Expenses:Financial:Taxes:Zerodha            40 INR
  Assets:IN:Investment:Zerodha:Cash

2019-11-28 * "buy IIINFOTECH with TradeRef 1727822" ^1000000005294306
  Assets:IN:Investment:ILFSSS:IIINFOTECH  20000 IIINFOTECH {2 INR}
  Expenses:Financial:Taxes:Zerodha            40 INR
  Assets:IN:Investment:Zerodha:Cash

2019-11-29 * "sell TVSMOTOR with TradeRef 77368246" ^1300000006524285
  Assets:IN:Investment:ILFSSS:TVSMOTOR       -3 TVSMOTOR {} @ 476.8 INR
  Expenses:Financial:Taxes:Zerodha         1.43 INR
  Assets:IN:Investment:Zerodha:Cash     1428.97 INR
  Income:IN:Investment:PnL:TVSMOTOR

2019-11-29 * "sell TVSMOTOR with TradeRef 77368537" ^1300000006524285
  Assets:IN:Investment:ILFSSS:TVSMOTOR      -1 TVSMOTOR {} @ 476.8 INR
  Expenses:Financial:Taxes:Zerodha        0.48 INR
  Assets:IN:Investment:Zerodha:Cash     476.32 INR
  Income:IN:Investment:PnL:TVSMOTOR

2019-12-04 * "sell TVSMOTOR with TradeRef 78299948" ^1300000009055223
  Assets:IN:Investment:ILFSSS:TVSMOTOR      -12 TVSMOTOR {} @ 451.8 INR
  Expenses:Financial:Taxes:Zerodha         5.42 INR
  Assets:IN:Investment:Zerodha:Cash     5416.18 INR
  Income:IN:Investment:PnL:TVSMOTOR

2019-12-04 * "sell TVSMOTOR with TradeRef 78302389" ^1300000009055223
  Assets:IN:Investment:ILFSSS:TVSMOTOR      -1 TVSMOTOR {} @ 451.8 INR
  Expenses:Financial:Taxes:Zerodha        0.45 INR
  Assets:IN:Investment:Zerodha:Cash     451.35 INR
  Income:IN:Investment:PnL:TVSMOTOR

2019-12-04 * "sell TVSMOTOR with TradeRef 78303226" ^1300000009055223
  Assets:IN:Investment:ILFSSS:TVSMOTOR       -3 TVSMOTOR {} @ 451.8 INR
  Expenses:Financial:Taxes:Zerodha         1.36 INR
  Assets:IN:Investment:Zerodha:Cash     1354.04 INR
  Income:IN:Investment:PnL:TVSMOTOR

2019-12-04 * "sell TVSMOTOR with TradeRef 78304182" ^1300000009055223
  Assets:IN:Investment:ILFSSS:TVSMOTOR      -10 TVSMOTOR {} @ 451.8 INR
  Expenses:Financial:Taxes:Zerodha         4.52 INR
  Assets:IN:Investment:Zerodha:Cash     4513.48 INR
  Income:IN:Investment:PnL:TVSMOTOR

2019-12-04 * "sell TVSMOTOR with TradeRef 78304514" ^1300000009055223
  Assets:IN:Investment:ILFSSS:TVSMOTOR       -70 TVSMOTOR {} @ 451.8 INR
  Expenses:Financial:Taxes:Zerodha         31.63 INR
  Assets:IN:Investment:Zerodha:Cash     31594.37 INR
  Income:IN:Investment:PnL:TVSMOTOR

2019-12-04 * "sell TVSMOTOR with TradeRef 78304222" ^1300000009055223
  Assets:IN:Investment:ILFSSS:TVSMOTOR      -100 TVSMOTOR {} @ 451.8 INR
  Expenses:Financial:Taxes:Zerodha         45.18 INR
  Assets:IN:Investment:Zerodha:Cash     45134.82 INR
  Income:IN:Investment:PnL:TVSMOTOR

2019-12-04 * "sell TVSMOTOR with TradeRef 78305240" ^1300000009055223
  Assets:IN:Investment:ILFSSS:TVSMOTOR      -21 TVSMOTOR {} @ 451.8 INR
  Expenses:Financial:Taxes:Zerodha         9.49 INR
  Assets:IN:Investment:Zerodha:Cash     9478.31 INR
  Income:IN:Investment:PnL:TVSMOTOR

2019-12-04 * "sell TVSMOTOR with TradeRef 78305635" ^1300000009055223
  Assets:IN:Investment:ILFSSS:TVSMOTOR     -2 TVSMOTOR {} @ 451.8 INR
  Expenses:Financial:Taxes:Zerodha        0.9 INR
  Assets:IN:Investment:Zerodha:Cash     902.7 INR
  Income:IN:Investment:PnL:TVSMOTOR

2019-12-04 * "sell TVSMOTOR with TradeRef 78306404" ^1300000009055223
  Assets:IN:Investment:ILFSSS:TVSMOTOR      -100 TVSMOTOR {} @ 451.8 INR
  Expenses:Financial:Taxes:Zerodha         45.18 INR
  Assets:IN:Investment:Zerodha:Cash     45134.82 INR
  Income:IN:Investment:PnL:TVSMOTOR

2019-12-04 * "sell TVSMOTOR with TradeRef 78309289" ^1300000009055223
  Assets:IN:Investment:ILFSSS:TVSMOTOR       -6 TVSMOTOR {} @ 451.8 INR
  Expenses:Financial:Taxes:Zerodha         2.71 INR
  Assets:IN:Investment:Zerodha:Cash     2708.09 INR
  Income:IN:Investment:PnL:TVSMOTOR

2019-12-04 * "sell TVSMOTOR with TradeRef 78310460" ^1300000009055223
  Assets:IN:Investment:ILFSSS:TVSMOTOR      -10 TVSMOTOR {} @ 451.8 INR
  Expenses:Financial:Taxes:Zerodha         4.52 INR
  Assets:IN:Investment:Zerodha:Cash     4513.48 INR
  Income:IN:Investment:PnL:TVSMOTOR

2019-12-04 * "sell TVSMOTOR with TradeRef 78312842" ^1300000009055223
  Assets:IN:Investment:ILFSSS:TVSMOTOR      -100 TVSMOTOR {} @ 451.8 INR
  Expenses:Financial:Taxes:Zerodha         45.18 INR
  Assets:IN:Investment:Zerodha:Cash     45134.82 INR
  Income:IN:Investment:PnL:TVSMOTOR

2019-12-04 * "sell TVSMOTOR with TradeRef 78329053" ^1300000009055223
  Assets:IN:Investment:ILFSSS:TVSMOTOR      -10 TVSMOTOR {} @ 451.8 INR
  Expenses:Financial:Taxes:Zerodha         4.52 INR
  Assets:IN:Investment:Zerodha:Cash     4513.48 INR
  Income:IN:Investment:PnL:TVSMOTOR

2019-12-04 * "buy IIINFOTECH with TradeRef 2649283" ^1000000008032607
  Assets:IN:Investment:ILFSSS:IIINFOTECH  20000 IIINFOTECH {2 INR}
  Expenses:Financial:Taxes:Zerodha            40 INR
  Assets:IN:Investment:Zerodha:Cash

2019-12-04 * "buy IIINFOTECH with TradeRef 2650895" ^1000000008036012
  Assets:IN:Investment:ILFSSS:IIINFOTECH  20000 IIINFOTECH {2 INR}
  Expenses:Financial:Taxes:Zerodha            40 INR
  Assets:IN:Investment:Zerodha:Cash

2019-12-04 * "buy IIINFOTECH with TradeRef 2651876" ^1000000008038092
  Assets:IN:Investment:ILFSSS:IIINFOTECH  20000 IIINFOTECH {2 INR}
  Expenses:Financial:Taxes:Zerodha            40 INR
  Assets:IN:Investment:Zerodha:Cash

2019-12-04 * "buy IIINFOTECH with TradeRef 2653329" ^1000000008040723
  Assets:IN:Investment:ILFSSS:IIINFOTECH  20000 IIINFOTECH {2 INR}
  Expenses:Financial:Taxes:Zerodha            40 INR
  Assets:IN:Investment:Zerodha:Cash

2019-12-04 * "buy IIINFOTECH with TradeRef 2654452" ^1000000008043311
  Assets:IN:Investment:ILFSSS:IIINFOTECH  20000 IIINFOTECH {2 INR}
  Expenses:Financial:Taxes:Zerodha            40 INR
  Assets:IN:Investment:Zerodha:Cash

2019-12-04 * "buy IIINFOTECH with TradeRef 2851136" ^1000000008449507
  Assets:IN:Investment:ILFSSS:IIINFOTECH  1111 IIINFOTECH {2 INR}
  Expenses:Financial:Taxes:Zerodha         2.22 INR
  Assets:IN:Investment:Zerodha:Cash

2019-12-05 * "sell TVSMOTOR with TradeRef 75305290" ^1300000001115441
  Assets:IN:Investment:ILFSSS:TVSMOTOR      -185 TVSMOTOR {} @ 458 INR
  Expenses:Financial:Taxes:Zerodha         84.73 INR
  Assets:IN:Investment:Zerodha:Cash     84645.27 INR
  Income:IN:Investment:PnL:TVSMOTOR

2019-12-05 * "sell TVSMOTOR with TradeRef 75305265" ^1300000001115441
  Assets:IN:Investment:ILFSSS:TVSMOTOR     -200 TVSMOTOR {} @ 458 INR
  Expenses:Financial:Taxes:Zerodha         91.6 INR
  Assets:IN:Investment:Zerodha:Cash     91508.4 INR
  Income:IN:Investment:PnL:TVSMOTOR

2019-12-05 * "sell TVSMOTOR with TradeRef 75305765" ^1300000001115441
  Assets:IN:Investment:ILFSSS:TVSMOTOR       -52 TVSMOTOR {} @ 458 INR
  Expenses:Financial:Taxes:Zerodha         23.82 INR
  Assets:IN:Investment:Zerodha:Cash     23792.18 INR
  Income:IN:Investment:PnL:TVSMOTOR

2019-12-05 * "buy IIINFOTECH with TradeRef 227801" ^1000000000901613
  Assets:IN:Investment:ILFSSS:IIINFOTECH  20000 IIINFOTECH {2 INR}
  Expenses:Financial:Taxes:Zerodha            40 INR
  Assets:IN:Investment:Zerodha:Cash

2019-12-05 * "buy IIINFOTECH with TradeRef 228951" ^1000000000905055
  Assets:IN:Investment:ILFSSS:IIINFOTECH  20000 IIINFOTECH {2 INR}
  Expenses:Financial:Taxes:Zerodha            40 INR
  Assets:IN:Investment:Zerodha:Cash

2019-12-05 * "buy IIINFOTECH with TradeRef 230068" ^1000000000908913
  Assets:IN:Investment:ILFSSS:IIINFOTECH  20000 IIINFOTECH {2 INR}
  Expenses:Financial:Taxes:Zerodha            40 INR
  Assets:IN:Investment:Zerodha:Cash

2019-12-05 * "buy IIINFOTECH with TradeRef 230814" ^1000000000911847
  Assets:IN:Investment:ILFSSS:IIINFOTECH  20000 IIINFOTECH {2 INR}
  Expenses:Financial:Taxes:Zerodha            40 INR
  Assets:IN:Investment:Zerodha:Cash

2019-12-05 * "buy IIINFOTECH with TradeRef 232005" ^1000000000915476
  Assets:IN:Investment:ILFSSS:IIINFOTECH  8608 IIINFOTECH {2 INR}
  Expenses:Financial:Taxes:Zerodha        17.22 INR
  Assets:IN:Investment:Zerodha:Cash

2019-12-05 * "buy IIINFOTECH with TradeRef 232004" ^1000000000915476
  Assets:IN:Investment:ILFSSS:IIINFOTECH  11392 IIINFOTECH {2 INR}
  Expenses:Financial:Taxes:Zerodha         22.78 INR
  Assets:IN:Investment:Zerodha:Cash

2019-12-16 * "sell TVSMOTOR with TradeRef 75146595" ^1300000000592348
  Assets:IN:Investment:ILFSSS:TVSMOTOR       -222 TVSMOTOR {} @ 454.35 INR
  Expenses:Financial:Taxes:Zerodha         100.87 INR
  Assets:IN:Investment:Zerodha:Cash     100764.83 INR
  Income:IN:Investment:PnL:TVSMOTOR

2019-12-16 * "sell TVSMOTOR with TradeRef 75146594" ^1300000000592348
  Assets:IN:Investment:ILFSSS:TVSMOTOR       -50 TVSMOTOR {} @ 454.5 INR
  Expenses:Financial:Taxes:Zerodha         22.73 INR
  Assets:IN:Investment:Zerodha:Cash     22702.27 INR
  Income:IN:Investment:PnL:TVSMOTOR

2019-12-16 * "buy IIINFOTECH with TradeRef 107169" ^1000000000514673
  Assets:IN:Investment:ILFSSS:IIINFOTECH  20000 IIINFOTECH {2 INR}
  Expenses:Financial:Taxes:Zerodha            40 INR
  Assets:IN:Investment:Zerodha:Cash

2019-12-16 * "buy IIINFOTECH with TradeRef 108365" ^1000000000520344
  Assets:IN:Investment:ILFSSS:IIINFOTECH  20000 IIINFOTECH {2 INR}
  Expenses:Financial:Taxes:Zerodha            40 INR
  Assets:IN:Investment:Zerodha:Cash

2019-12-16 * "buy IIINFOTECH with TradeRef 109193" ^1000000000524037
  Assets:IN:Investment:ILFSSS:IIINFOTECH  12030 IIINFOTECH {2 INR}
  Expenses:Financial:Taxes:Zerodha         24.06 INR
  Assets:IN:Investment:Zerodha:Cash

2019-12-16 * "buy IIINFOTECH with TradeRef 109194" ^1000000000524037
  Assets:IN:Investment:ILFSSS:IIINFOTECH   14 IIINFOTECH {2 INR}
  Expenses:Financial:Taxes:Zerodha        0.03 INR
  Assets:IN:Investment:Zerodha:Cash

2019-12-16 * "buy IIINFOTECH with TradeRef 109195" ^1000000000524037
  Assets:IN:Investment:ILFSSS:IIINFOTECH  7956 IIINFOTECH {2 INR}
  Expenses:Financial:Taxes:Zerodha        15.91 INR
  Assets:IN:Investment:Zerodha:Cash

2019-12-16 * "buy IIINFOTECH with TradeRef 110972" ^1000000000532468
  Assets:IN:Investment:ILFSSS:IIINFOTECH  1000 IIINFOTECH {2 INR}
  Expenses:Financial:Taxes:Zerodha            2 INR
  Assets:IN:Investment:Zerodha:Cash

2020-03-11 * "buy GAIL with TradeRef 29858482" ^1100000012215223
  Assets:IN:Investment:Zerodha:GAIL     221 GAIL {90.2 INR}
  Expenses:Financial:Taxes:Zerodha   19.93 INR
  Assets:IN:Investment:Zerodha:Cash

2020-03-12 * "buy GAIL with TradeRef 25876264" ^1100000002350312
  Assets:IN:Investment:Zerodha:GAIL     241 GAIL {83.2 INR}
  Expenses:Financial:Taxes:Zerodha   20.05 INR
  Assets:IN:Investment:Zerodha:Cash

2020-03-17 * "buy GAIL with TradeRef 30457021" ^1100000014160315
  Assets:IN:Investment:Zerodha:GAIL     140 GAIL {74.2 INR}
  Expenses:Financial:Taxes:Zerodha   10.39 INR
  Assets:IN:Investment:Zerodha:Cash

2020-03-17 * "buy GAIL with TradeRef 30695133" ^1100000014134283
  Assets:IN:Investment:Zerodha:GAIL     137 GAIL {73.2 INR}
  Expenses:Financial:Taxes:Zerodha   10.03 INR
  Assets:IN:Investment:Zerodha:Cash

2020-03-18 * "buy ONGC with TradeRef 53182298" ^1200000010800416
  Assets:IN:Investment:Zerodha:ONGC     344 ONGC {58.2 INR}
  Expenses:Financial:Taxes:Zerodha   20.02 INR
  Assets:IN:Investment:Zerodha:Cash


** Bank Transactions

2017-04-06 * "TRFR From:jeeva SLB Bligation for 06-04-17" ""
  Assets:IN:ICICIBank:Savings  7236.22 INR
    Income:IN:Investment:SLB:ILFSSS
2017-04-07 * "Ach/Power Finance Corp/5495234" ""
  Assets:IN:ICICIBank:Savings  1360 INR
    Income:IN:Investment:Dividend:Others
2017-04-26 * "Dcardfee0516mar17-Feb18st22.5" ""
  Assets:IN:ICICIBank:Savings  -172.5 INR
    Expenses:Financial:Fees
2017-04-26 * "TRFR From:slb Obligation for 26/04/2017" ""
  Assets:IN:ICICIBank:Savings  11174.24 INR
    Income:IN:Investment:SLB:ILFSSS
2017-04-29 * "Ach/Vedanta LTD/6982981" ""
  Assets:IN:ICICIBank:Savings  17.7 INR
    Income:IN:Investment:Dividend:Others
2017-05-12 * "Ach/Hexawaretechnologies/1476478" ""
  Assets:IN:ICICIBank:Savings  2 INR
    Income:IN:Investment:Dividend:Others
2017-05-22 * "TRFR From: Jeeva SLB Obligation for 22/05/2017" ""
  Assets:IN:ICICIBank:Savings  10382.61 INR
    Income:IN:Investment:SLB:ILFSSS
2017-05-29 * "PMSBY Renewal Premium FY18" ""
  Assets:IN:ICICIBank:Savings  -12 INR
    Expenses:Financial:Insurance
2017-06-01 * "PMSBY Renewal Premium FY18" ""
  Assets:IN:ICICIBank:Savings  -12 INR
    Expenses:Financial:Insurance
2017-06-06 * "PMSBY Ren PRM Reversal ?DD" ""
  Assets:IN:ICICIBank:Savings  12 INR
    Expenses:Financial:Insurance
2017-06-07 * "ACH/Gateway Distriparks/31319" ""
  Assets:IN:ICICIBank:Savings  448 INR
    Income:IN:Investment:Dividend:Others
2017-06-13 * "TRFR From: SLB Obligation for 13/06/2017 Jeeva" ""
  Assets:IN:ICICIBank:Savings  1059.64 INR
    Income:IN:Investment:SLB:ILFSSS
2017-06-14 * "SMSChgsApr17-Jun17+Stax2.25" ""
  Assets:IN:ICICIBank:Savings  -17.25 INR
    Expenses:Financial:Fees
2017-06-27 * "CMS/Infosys/Final Div 17 13225848" ""
  Assets:IN:ICICIBank:Savings  442.5 INR
    Income:IN:Investment:Dividend:Others
2017-06-28 * "MMT/717909967619/chgRs5.00STRs0.75/006003400419" ""
  Assets:IN:ICICIBank:Savings  -407.49 INR
    Expenses:Financial:Fees
2017-06-29 * "614901513722:Int.Pd:31-03-2017 to 28-06-2017" ""
  Assets:IN:ICICIBank:Savings  255 INR
    Income:IN:ICICIBank:Savings:Interest
2017-07-01 * "Ach/Canfin Homes-Div17/In30009512100252" ""
  Assets:IN:ICICIBank:Savings  20 INR
     Income:IN:Investment:Dividend:Others
2017-07-05 * "Ach/Hindustan Unilever L/14276795" ""
  Assets:IN:ICICIBank:Savings  10 INR
    Income:IN:Investment:Dividend:Others
2017-07-07 * "Bil/001246499980//100001925378_ze" ""
  Assets:IN:ICICIBank:Savings  -30000 INR
      Assets:IN:Investment:Zerodha:Cash
2017-07-07 * "Ach/Apollo Tyres LTD/0010272" ""
  Assets:IN:ICICIBank:Savings  3 INR
    Income:IN:Investment:Dividend:Others
2017-07-07 * "Ach/Inb Fin Div 2017/018389" ""
  Assets:IN:ICICIBank:Savings  636 INR
    Income:IN:Investment:Dividend:Others
2017-07-20 * "Ach/KBL Fin Div 2016-17/In30009512100252" ""
  Assets:IN:ICICIBank:Savings  8 INR
    Income:IN:Investment:Dividend:Others
2017-07-28 * "Ach/Bata India Ltd. 2017/Bp02168" ""
  Assets:IN:ICICIBank:Savings  7 INR
    Income:IN:Investment:Dividend:Others
2017-07-28 * "Ach/MPH Fin Div 2016-17/In30009512100252" ""
  Assets:IN:ICICIBank:Savings  17 INR
    Income:IN:Investment:Dividend:Others
2017-07-31 * "Ach/Itc Limited/50162" ""
  Assets:IN:ICICIBank:Savings  14 INR
    Income:IN:Investment:Dividend:Others
2017-07-31 * "Ach/Idfc LTD/4379771" ""
  Assets:IN:ICICIBank:Savings  0.25 INR
    Income:IN:Investment:Dividend:Others
2017-07-31 * "Ach/Idfc Bank Limited/1602506" ""
  Assets:IN:ICICIBank:Savings  0.75 INR
    Income:IN:Investment:Dividend:Others
2017-08-03 * "CMS/Manugraph I LTD/Final Div16-17" ""
  Assets:IN:ICICIBank:Savings  0.5 INR
    Income:IN:Investment:Dividend:Others
2017-08-03 * "ACH/EIH Ltd./15169" ""
  Assets:IN:ICICIBank:Savings  1.8 INR
    Income:IN:Investment:Dividend:Others
2017-08-11 * "Ach/Gujarat Pipavav/345764" ""
  Assets:IN:ICICIBank:Savings  369 INR
    Income:IN:Investment:Dividend:Others
2017-08-14 * "TRFR From:jeeva SLB Obligation for 14/08/2017" ""
  Assets:IN:ICICIBank:Savings  9582.85 INR
    Income:IN:Investment:SLB:ILFSSS
2017-08-16 * "Ach/Great Eastern/1165712" ""
  Assets:IN:ICICIBank:Savings  500.5 INR
    Income:IN:Investment:Dividend:Others
2017-08-16 * "Ach/Cipla Limited/3976170" ""
  Assets:IN:ICICIBank:Savings  2 INR
    Income:IN:Investment:Dividend:Others
2017-08-18 * "Ach/Hindustan Petroleum/37304" ""
  Assets:IN:ICICIBank:Savings  223.43 INR
    Income:IN:Investment:Dividend:Others
2017-08-23 * "Bil/001277635301//37242773_zerodh" ""
  Assets:IN:ICICIBank:Savings  -18000 INR
    Assets:IN:Investment:Zerodha:Cash
2017-08-29 * "Ach/City Union Bank LTD/867827" ""
  Assets:IN:ICICIBank:Savings  3 INR
    Income:IN:Investment:Dividend:Others
2017-08-30 * "Decs/Iilecs  - Il and Fs/Txil163388" ""
  Assets:IN:ICICIBank:Savings  -88.24 INR
    Expenses:Financial:Fees
2017-08-31 * "Ach/Trident Limited/00000000000000000000000002546" ""
  Assets:IN:ICICIBank:Savings  0.6 INR
    Income:IN:Investment:Dividend:Others
2017-09-11 * "SMSChgsJul17-Sep17+GST" ""
  Assets:IN:ICICIBank:Savings  -17.7 INR
    Expenses:Financial:Fees
2017-09-12 * "BIL/001291680015/Minimum Balance/NSP 614901501585/Prabu ANAND KALIVARADHAN" ""
  Assets:IN:ICICIBank:Savings  5000 INR
    Expenses:Gift:Family
2017-09-19 * "Ach/Hindustan Petroleum/160256" ""
  Assets:IN:ICICIBank:Savings  3.3 INR
    Income:IN:Investment:Dividend:Others
2017-09-20 * "ACH/Mercator Limited,/71540" ""
  Assets:IN:ICICIBank:Savings  0.05 INR
    Income:IN:Investment:Dividend:Others
2017-09-22 * "CMS/BPCL/Final Dividend 2016-2017" ""
  Assets:IN:ICICIBank:Savings  2 INR
    Income:IN:Investment:Dividend:Others
2017-09-25 * "Ach/Engineers India LTD/3560635" ""
  Assets:IN:ICICIBank:Savings  35 INR
    Income:IN:Investment:Dividend:Others
2017-09-26 * "Ach/Trident Limited/00000000000000000000000002193" ""
  Assets:IN:ICICIBank:Savings  0.3 INR
    Income:IN:Investment:Dividend:Others
2017-09-29 * "Ach/NTPC Limited/25517013" ""
  Assets:IN:ICICIBank:Savings  464.38 INR
    Income:IN:Investment:Dividend:Others
2017-09-29 * "Ach/SJVN LTD/000000000000000000000000032890" ""
  Assets:IN:ICICIBank:Savings  634 INR
    Income:IN:Investment:Dividend:Others
2017-09-30 * "614901513722:Int.Pd:29-06-2017 to 29-09-2017" ""
  Assets:IN:ICICIBank:Savings  92 INR
    Income:IN:ICICIBank:Savings:Interest
2017-10-03 * "Ach/Petronet LNG LTD/5543207" ""
  Assets:IN:ICICIBank:Savings  4000 INR
    Income:IN:Investment:Dividend:PETRONET
2017-10-03 * "Ach/Oil and Natural Gas/0000000000000000000000002/15284" ""
  Assets:IN:ICICIBank:Savings  14 INR
    Income:IN:Investment:Dividend:Others
2017-10-09 * "Ach/Rural Eletrification/5952311" ""
  Assets:IN:ICICIBank:Savings  641 INR
    Income:IN:Investment:Dividend:Others
2017-10-12 * "MABchgs-Aug17+GST" ""
  Assets:IN:ICICIBank:Savings  -192.29 INR
    Expenses:Financial:Fees
2017-10-13 * "MABchgs-Sep17+GST" ""
  Assets:IN:ICICIBank:Savings  -493.59 INR
    Expenses:Financial:Fees
2017-10-30 * "SLB Obligation 30/10/2017 Jeeva" ""
  Assets:IN:ICICIBank:Savings  12803.19 INR
    Income:IN:Investment:SLB:ILFSSS
2017-11-04 * "CMS/Infosys/Int Div17-18 14305190" ""
  Assets:IN:ICICIBank:Savings  689 INR
    Income:IN:Investment:Dividend:Others
2017-11-10 * "Ach/Oil and Natural Gas/0000000000000000000000002/7707" ""
  Assets:IN:ICICIBank:Savings  51 INR
    Income:IN:Investment:Dividend:Others
2017-11-10 * "TRFR From:jeeva TVS Motor Qty 2002 SLB Dividend" ""
  Assets:IN:ICICIBank:Savings  4004 INR
    Income:IN:Investment:SLB:ILFSSS
2017-11-21 * "Ach/Gujarat Pipavalport/445692" ""
  Assets:IN:ICICIBank:Savings  348.5 INR
    Income:IN:Investment:Dividend:Others
2017-11-23 * "Ach/Power Finance Corpor/5815359" ""
  Assets:IN:ICICIBank:Savings  1632 INR
    Income:IN:Investment:Dividend:Others
2017-11-27 * "SMSChgsOct17-Dec17+GST" ""
  Assets:IN:ICICIBank:Savings  -17.7 INR
    Expenses:Financial:Fees
2017-11-27 * "ACH/Gateway Distriparks/29326" ""
  Assets:IN:ICICIBank:Savings  336 INR
    Income:IN:Investment:Dividend:Others
2017-12-22 * "Neft-N356170071161305-Indian Clearing Corp-Otb Iny 1044787-008285700001210-Yesb0000001" ""
  Assets:IN:ICICIBank:Savings  32200 INR
    Income:IN:Investment:PnL
2017-12-30 * "614901513722:Int.Pd:30-09-2017 to 29-12-2017" ""
  Assets:IN:ICICIBank:Savings  222 INR
    Income:IN:ICICIBank:Savings:Interest
2018-01-31 * "Decs/Iilecs  - Il and Fs/Txil182460" ""
  Assets:IN:ICICIBank:Savings  -209.07 INR
    Expenses:Financial:Fees
2018-02-15 * "Ach/NTPC Limited/000000000000000000000000169128" ""
  Assets:IN:ICICIBank:Savings  584.22 INR
    Income:IN:Investment:Dividend:Others
2018-02-27 * "Ach/Rural Eletrification/6379077" ""
  Assets:IN:ICICIBank:Savings  1790.8 INR
    Income:IN:Investment:Dividend:Others
2018-03-01 * "Ach/SJVN LTD/000000000000000000000000041164" ""
  Assets:IN:ICICIBank:Savings  2409.2 INR
    Income:IN:Investment:Dividend:Others
2018-03-09 * "MPS/Pothys     /20180309112237/0" ""
  Assets:IN:ICICIBank:Savings  -3105 INR
    Expenses:Household
2018-03-12 * "SMSChgsJan18-Mar18+GST" ""
  Assets:IN:ICICIBank:Savings  -17.7 INR
    Expenses:Financial:Fees
2018-03-12 * "Ach/TVS Motor Company L/N16060489333" ""
  Assets:IN:ICICIBank:Savings  2603 INR
    Income:IN:Investment:Dividend:Others
2018-03-12 * "Neft-N071180094167344-Indian Clearing Corp-Otb SJN 1129107-008285700001210-Yesb0000001" ""
  Assets:IN:ICICIBank:Savings  49135 INR
    Income:IN:Investment:PnL
2018-03-15 * "MPS/Nalla Servi/20180315100201/0" ""
  Assets:IN:ICICIBank:Savings  -100 INR
    Expenses:Household
2018-03-16 * "Atm/Cash WDL/16-03-18/0" ""
  Assets:IN:ICICIBank:Savings  -4000 INR
    Expenses:Household
2018-03-19 * "Ach/Power Finance Corpor/6238857" ""
  Assets:IN:ICICIBank:Savings  489.6 INR
    Income:IN:Investment:Dividend:Others
2018-03-19 * "MPS/Thalinjai Z/20180319174438/0" ""
  Assets:IN:ICICIBank:Savings  -100 INR
    Expenses:Household
2018-03-20 * "MPS/Saravana Fo/20180320160614/0" ""
  Assets:IN:ICICIBank:Savings  -160 INR
    Expenses:Household
2018-03-21 * "MPS/Chennai Met/20180321093323/0" ""
  Assets:IN:ICICIBank:Savings  -100 INR
    Expenses:Household
2018-03-21 * "Atm/Cash WDL/21-03-18/0" ""
  Assets:IN:ICICIBank:Savings  -6000 INR
    Expenses:Household
2018-03-21 * "MPS/Vijaya Hosp/20180321105948/0" ""
  Assets:IN:ICICIBank:Savings  -250 INR
    Expenses:Household
2018-03-21 * "MPS/Max Hyperma/20180321131253/0" ""
  Assets:IN:ICICIBank:Savings  -80.81 INR
    Expenses:Household
2018-03-23 * "Ach/Engineers India LTD/3760037" ""
  Assets:IN:ICICIBank:Savings  175 INR
    Income:IN:Investment:Dividend:Others
2018-03-23 * "MPS/N S Agencie/20180323102728/0" ""
  Assets:IN:ICICIBank:Savings  -1000 INR
    Expenses:Household
2018-03-23 * "Ach/Coal India LTD/000000000000000000000000216721" ""
  Assets:IN:ICICIBank:Savings  3284 INR
    Income:IN:Investment:Dividend:Others
2018-03-23 * "MCD Thalinjai  Dt 180319" ""
  Assets:IN:ICICIBank:Savings  0.75 INR
    Expenses:Household
2018-03-26 * "NFS/Cash WDL/26-03-18" ""
  Assets:IN:ICICIBank:Savings  -5000 INR
    Expenses:Household
2018-03-27 * "MMT/808611019181/chgRs5.00GSTRs0.90/052303400013" ""
  Assets:IN:ICICIBank:Savings  -205.9 INR
    Expenses:Financial:Fees
2018-03-28 * "Decs/Iilecs  - Il and Fs/Txil190145" ""
  Assets:IN:ICICIBank:Savings  -1100.9 INR
    Expenses:Financial:Fees
2018-03-28 * "MCD N S Agenci Dt 180323" ""
  Assets:IN:ICICIBank:Savings  7.5 INR
    Expenses:Household
2018-03-29 * "MPS/Ipour GKC a/20180329183210/0" ""
  Assets:IN:ICICIBank:Savings  -271.32 INR
    Expenses:Household
2018-03-30 * "MPS/Mothers Sup/20180330184302/0" ""
  Assets:IN:ICICIBank:Savings  -283 INR
    Expenses:Household
2018-03-30 * "614901513722:Int.Pd:30-12-2017 to 29-03-2018" ""
  Assets:IN:ICICIBank:Savings  627 INR
     Income:IN:ICICIBank:Savings:Interest
2018-03-31 * "MPS/Thalinjai Z/20180331054502/0" ""
  Assets:IN:ICICIBank:Savings  -1857 INR
  Expenses:Household

2018-04-02 * "NFS/Cash WDL/02-04-18" ""
  Assets:IN:ICICIBank:Savings  -3000 INR
   Expenses:Household
2018-04-02 * "Bil/001423744693//2jnu6rrm5akt9fa" ""
  Assets:IN:ICICIBank:Savings  -4009 INR
    Expenses:Household
2018-04-04 * "NFS/Cash WDL/04-04-18" ""
  Assets:IN:ICICIBank:Savings  -4000 INR
    Expenses:Household
2018-04-04 * "MCD Ipour GKC Dt 180329" ""
  Assets:IN:ICICIBank:Savings  2.03 INR
  Expenses:Household
2018-04-04 * "MCD Thalinjai Dt 180331" ""
  Assets:IN:ICICIBank:Savings  13.93 INR
    Expenses:Household
2018-04-05 * "MPS/Sri Meenaks/20180405192713/0" ""
  Assets:IN:ICICIBank:Savings  -288 INR
    Expenses:Household
2018-04-07 * "NFS/Cash WDL/07-04-18" ""
  Assets:IN:ICICIBank:Savings  -5000 INR
    Expenses:Household
2018-04-10 * "Ips/Pragatis Ag/20180410185107/0" ""
  Assets:IN:ICICIBank:Savings  -260 INR
    Expenses:Household
2018-04-11 * "MCD Sri Meenak Dt 180405" ""
  Assets:IN:ICICIBank:Savings  2.16 INR
    Expenses:Household
2018-04-11 * "Ips/Pothys PVT /20180411181351/0" ""
  Assets:IN:ICICIBank:Savings  -419 INR
    Expenses:Household
2018-04-12 * "Ips/Pothys Priv/20180412184401/0" ""
  Assets:IN:ICICIBank:Savings  -169 INR
    Expenses:Household
2018-04-13 * "Ips Ref Dt 11.04.2018_011034_h" ""
  Assets:IN:ICICIBank:Savings  1.95 INR
    Expenses:Household
2018-04-16 * "MPS/Sri Aurobin/20180416181113/0" ""
  Assets:IN:ICICIBank:Savings  -250 INR
    Expenses:Household
2018-04-17 * "NFS/Cash WDL/17-04-18" ""
  Assets:IN:ICICIBank:Savings  -4000 INR
    Expenses:Household
2018-04-21 * "MPS/v S T Silks/20180421173548/0" ""
  Assets:IN:ICICIBank:Savings  -270 INR
    Expenses:Household
2018-04-21 * "MPS/Pothys /20180421181647/0" ""
  Assets:IN:ICICIBank:Savings  -550 INR
    Expenses:Household
2018-04-21 * "MPS/Sri T S. /20180421184117/0" ""
  Assets:IN:ICICIBank:Savings  -300 INR
    Expenses:Household
2018-04-24 * "Ips/Pothys PVT /20180424174714/0" ""
  Assets:IN:ICICIBank:Savings  -226 INR
    Expenses:Household
2018-04-25 * "MCD Sri T S Vi Dt 180421" ""
  Assets:IN:ICICIBank:Savings  2.25 INR
    Expenses:Household
2018-04-26 * "MCD Sri Aurobi Dt 180416" ""
  Assets:IN:ICICIBank:Savings  1.88 INR
    Expenses:Household
2018-04-26 * "MPS/Pothys /20180426173853/0" ""
  Assets:IN:ICICIBank:Savings  -158 INR
    Expenses:Household
2018-04-28 * "NFS/Cash WDL/28-04-18" ""
  Assets:IN:ICICIBank:Savings  -5000 INR
    Expenses:Household
2018-04-30 * "Ips/Iocl S Laks/20180430103556/0" ""
  Assets:IN:ICICIBank:Savings  -290 INR
    Expenses:Household
2018-04-30 * "MPS/Supreme Cas/20180430104627/0" ""
  Assets:IN:ICICIBank:Savings  -145 INR
    Expenses:Household
2018-05-01 * "MPS/G J Automob/20180501124321/0" ""
  Assets:IN:ICICIBank:Savings  -1550 INR
    Expenses:Household
2018-05-02 * "Ips/Pothys Priv/20180502172504/0" ""
  Assets:IN:ICICIBank:Savings  -2370 INR
    Expenses:Household
2018-05-03 * "Ips Ref Dt 01.05.18_023509_ioc" ""
  Assets:IN:ICICIBank:Savings  2.18 INR
    Expenses:Household
2018-05-04 * "MPS/Thalinjai Z/20180504075820/0" ""
  Assets:IN:ICICIBank:Savings  -2223 INR
    Expenses:Household
2018-05-04 * "NFS/Cash WDL/04-05-18" ""
  Assets:IN:ICICIBank:Savings  -5000 INR
    Expenses:Household
2018-05-09 * "MPS/Hotel Aryaa/20180509070500/0" ""
  Assets:IN:ICICIBank:Savings  -737 INR
    Expenses:Household
2018-05-09 * "MPS/Annai Agenc/20180509083950/0" ""
  Assets:IN:ICICIBank:Savings  -2482 INR
    Expenses:Household
2018-05-09 * "MCD Thalinjai Dt 180504" ""
  Assets:IN:ICICIBank:Savings  16.67 INR
    Expenses:Household
2018-05-15 * "MPS/Thalinjai Z/20180515082641/0" ""
  Assets:IN:ICICIBank:Savings  -315 INR
    Expenses:Household
2018-05-15 * "MCD Annai Agen Dt 180509" ""
  Assets:IN:ICICIBank:Savings  18.62 INR
    Expenses:Household
2018-05-18 * "TRFR From:jeeva SLB Obligation for 18/05/2018" ""
  Assets:IN:ICICIBank:Savings  6869.91 INR
    Income:IN:Investment:SLB:ILFSSS
2018-05-19 * "MCD Thalinjai Dt 180515" ""
  Assets:IN:ICICIBank:Savings  2.36 INR
    Expenses:Household
2018-05-19 * "MPS/Pragatis Ag/20180519190846/0" ""
  Assets:IN:ICICIBank:Savings  -280 INR
    Expenses:Household
2018-05-22 * "Atm/Cash WDL/22-05-18/0" ""
  Assets:IN:ICICIBank:Savings  -3000 INR
    Expenses:Household
2018-05-23 * "MPS/Vijay Paint/20180523160235/0" ""
  Assets:IN:ICICIBank:Savings  -4150 INR
    Expenses:Household
2018-05-23 * "Ips/Pragatis Ag/20180523190236/0" ""
  Assets:IN:ICICIBank:Savings  -250 INR
    Expenses:Household
2018-05-24 * "MPS/Vijay Paint/20180524090037/0" ""
  Assets:IN:ICICIBank:Savings  -4340 INR
    Expenses:Household
2018-05-24 * "MPS/Subbu Nadar/20180524165826/0" ""
  Assets:IN:ICICIBank:Savings  -4340 INR
    Expenses:Household
2018-05-24 * "Pmsby Renewal Premium Fy19" ""
  Assets:IN:ICICIBank:Savings  -12 INR
  Expenses:Financial:Insurance
2018-05-25 * "MPS/Vijay Paint/20180525102331/0" ""
  Assets:IN:ICICIBank:Savings  -4340 INR
    Expenses:Household
2018-05-26 * "MPS/Vijay Paint/20180526085959/0" ""
  Assets:IN:ICICIBank:Savings  -8378 INR
    Expenses:Household
2018-05-26 * "Atm/Cash WDL/26-05-18/0" ""
  Assets:IN:ICICIBank:Savings  -8000 INR
    Expenses:Household
2018-05-26 * "MPS/Pragatis Ag/20180526190540/0" ""
  Assets:IN:ICICIBank:Savings  -300 INR
    Expenses:Household
2018-05-28 * "Ips Ref Dt 24.05.2018_000448_h" ""
  Assets:IN:ICICIBank:Savings  1.88 INR
    Expenses:Household
2018-05-29 * "MPS/Vijay Paint/20180529091029/0" ""
  Assets:IN:ICICIBank:Savings  -2900 INR
    Expenses:Household
2018-05-29 * "MPS/Vijay Paint/20180529165719/0" ""
  Assets:IN:ICICIBank:Savings  -7990 INR
    Expenses:Household
2018-05-29 * "Atm/Cash WDL/29-05-18/0" ""
  Assets:IN:ICICIBank:Savings  -10000 INR
    Expenses:Household
2018-05-30 * "Ips/Pragatis Ag/20180530190640/0" ""
  Assets:IN:ICICIBank:Savings  -325 INR
    Expenses:Household
2018-06-04 * "Ips Ref Dt 31.05.2018_016559_h" ""
  Assets:IN:ICICIBank:Savings  2.44 INR
    Expenses:Household
2018-06-21 * "TRFR From: SLB Obligation for 21/06/2018" ""
  Assets:IN:ICICIBank:Savings  11238.52 INR
    Income:IN:Investment:SLB:ILFSSS
2018-06-26 * "CMS/Infosys/Final Div 18 15328096" ""
  Assets:IN:ICICIBank:Savings  762.5 INR
  Income:IN:Investment:Dividend:Others
2018-06-29 * "TRFR From:slb Obligation for 29/06/2018 Jeeva" ""
  Assets:IN:ICICIBank:Savings  847.36 INR
    Income:IN:Investment:SLB:ILFSSS
2018-06-29 * "Atm/Cash WDL/29-06-18/0" ""
  Assets:IN:ICICIBank:Savings  -500 INR
    Expenses:Household
2018-06-29 * "614901513722:Int.Pd:30-03-2018 to 29-06-2018" ""
  Assets:IN:ICICIBank:Savings  432 INR
    Income:IN:ICICIBank:Savings:Interest
2018-07-25 * "TRFR From:jeeva SLB Obligation for 25/07/2018" ""
  Assets:IN:ICICIBank:Savings  8790.38 INR
    Income:IN:Investment:SLB:ILFSSS
2018-07-25 * "MPS/Sri Swamy E/20180725205446/0" ""
  Assets:IN:ICICIBank:Savings  -1970 INR
  Expenses:Household
2018-07-26 * "NFS/Cash WDL/26-07-18" ""
  Assets:IN:ICICIBank:Savings  -10000 INR
    Expenses:Household
2018-07-29 * "MPS/Sri Meenaks/20180729210911/0" ""
  Assets:IN:ICICIBank:Savings  -311 INR
    Expenses:Household
2018-08-02 * "MPS/Vijay Paint/20180802084126/0" ""
  Assets:IN:ICICIBank:Savings  -6688 INR
    Expenses:Household
2018-08-02 * "Ach/Bata India Ltd. 2018/Bp02031" ""
  Assets:IN:ICICIBank:Savings  8 INR
    Income:IN:Investment:Dividend:Others
2018-08-02 * "MPS/Jalaja Rama/20180802182828/0" ""
  Assets:IN:ICICIBank:Savings  -311 INR
    Expenses:Household
2018-08-04 * "MCD Sri Meenak Dt 180729" ""
  Assets:IN:ICICIBank:Savings  2.33 INR
    Expenses:Household
2018-08-10 * "Ach/Gujarat Pipavav Port/543122" ""
  Assets:IN:ICICIBank:Savings  348.5 INR
    Income:IN:Investment:Dividend:Others
2018-08-16 * "Ach/Greateasternshipping/1259378" ""
  Assets:IN:ICICIBank:Savings  554.4 INR
    Income:IN:Investment:Dividend:Others
2018-09-07 * "TRFR From: SLB Obligation for 07/09/2018 Jeeva" ""
  Assets:IN:ICICIBank:Savings  11644.53 INR
    Income:IN:Investment:SLB:ILFSSS
2018-09-17 * "Neft-N260180633826439-Zerodha" ""
  Assets:IN:ICICIBank:Savings  619.58 INR
    Assets:IN:Investment:Zerodha:Cash
2018-09-19 * "Ach/Petronet LNG Limited/5861387" ""
  Assets:IN:ICICIBank:Savings  7200 INR
    Income:IN:Investment:Dividend:PETRONET
2018-09-21 * "TRFR From: SLB Obligation for 21-09-2018 Bhava" ""
  Assets:IN:ICICIBank:Savings  11238.52 INR
    Income:IN:Investment:SLB:ILFSSS
2018-09-28 * "614901513722:Int.Pd:30-06-2018 to 28-09-2018" ""
  Assets:IN:ICICIBank:Savings  144 INR
    Income:IN:ICICIBank:Savings:Interest
2018-10-01 * "Ach/NTPC Limited/000000000000000000000000166051" ""
  Assets:IN:ICICIBank:Savings  511.46 INR
    Income:IN:Investment:Dividend:Others
2018-10-01 * "Bil/Onl/001546239071/Razorpay/B4kixsatrvoq8y" ""
  Assets:IN:ICICIBank:Savings  -354 INR
    Expenses:Household
2018-10-03 * "Bil/Onl/001547789302/Atom Techn/200020017645_rksv_" ""
  Assets:IN:ICICIBank:Savings  -30000 INR
    Assets:IN:Investment:RKSV:Cash
2018-10-09 * "By Cash-Lawspet" ""
  Assets:IN:ICICIBank:Savings  80000 INR
    Expenses:Gift:Family
2018-10-10 * "Bil/Onl/001553346863/Zerodha/5391483965481784" ""
  Assets:IN:ICICIBank:Savings  -80000 INR
        Assets:IN:Investment:Zerodha:Cash
2018-10-15 * "Ach/Rural Eletrification/6797144" ""
  Assets:IN:ICICIBank:Savings  423.5 INR
    Income:IN:Investment:Dividend:Others
2018-10-22 * "TRFR From:jeeva SLB Obligation for 22/10/2018" ""
  Assets:IN:ICICIBank:Savings  19476.75 INR
    Income:IN:Investment:SLB:ILFSSS
2018-10-23 * "Bil/Onl/001561299705/Zerodha/5402698166732647" ""
  Assets:IN:ICICIBank:Savings  -20000 INR
        Assets:IN:Investment:Zerodha:Cash
2018-10-30 * "Ach/Infosys Limited/16774458" ""
  Assets:IN:ICICIBank:Savings  350 INR
    Income:IN:Investment:Dividend:Others
2018-11-01 * "TRFR From: SLB Dividend for 01-11-2018 Tvsmotor" ""
  Assets:IN:ICICIBank:Savings  4204.2 INR
    Income:IN:Investment:SLB:ILFSSS
2018-11-05 * "By Cash-Lawspet" ""
  Assets:IN:ICICIBank:Savings  198000 INR
    Expenses:Gift:Family
2018-11-16 * "CMS/Icici Pru/1st Interim Div18-19 3471179" ""
  Assets:IN:ICICIBank:Savings  49.6 INR
    Income:IN:Investment:Dividend:Others
2018-11-20 * "Ach/Gujarat Pipavav Port/642718" ""
  Assets:IN:ICICIBank:Savings  348.5 INR
    Income:IN:Investment:Dividend:Others
2018-11-26 * "Ach/Petronet LNG Limited/6262161" ""
  Assets:IN:ICICIBank:Savings  8800 INR
    Income:IN:Investment:Dividend:PETRONET
2018-12-05 * "BIL/ONL/001591798204/Upstox/BU0F727VBCFA1S" ""
  Assets:IN:ICICIBank:Savings  -20000 INR
    Assets:IN:Investment:RKSV:Cash
2018-12-07 * "BIL/ONL/001593315423/Upstox/BUL4WWW4FQINU0" ""
  Assets:IN:ICICIBank:Savings  -20000 INR
    Assets:IN:Investment:RKSV:Cash
2018-12-10 * "BIL/ONL/001595562642/Upstox/BW0ILIDHT3VP2K" ""
  Assets:IN:ICICIBank:Savings  -20000 INR
    Assets:IN:Investment:RKSV:Cash
2018-12-11 * "BIL/ONL/001596352034/Upstox/BWOBFCXZQEA4H8" ""
  Assets:IN:ICICIBank:Savings  -20000 INR
    Assets:IN:Investment:RKSV:Cash
2018-12-14 * "BIL/ONL/001598371439/Upstox/BXANEK1OJMX8DR" ""
  Assets:IN:ICICIBank:Savings  -20000 INR
    Assets:IN:Investment:RKSV:Cash
2018-12-30 * "614901513722:Int.Pd:29-09-2018 to 30-12-2018" ""
  Assets:IN:ICICIBank:Savings  1020 INR
    Income:IN:ICICIBank:Savings:Interest
2019-01-16 * "BIL/INFT/001621193715/Loan/T KALIVARA/ICICI Bank" ""
  Assets:IN:ICICIBank:Savings  -60000 INR
    Expenses:Gift:Family
2019-01-28 * "Ach/Infosys Limited/17824357" ""
  Assets:IN:ICICIBank:Savings  200 INR
    Income:IN:Investment:Dividend:Others
2019-02-02 * "Bil/Onl/001633551241/Icici Lomb/Brwc4davdgvaqs" ""
  Assets:IN:ICICIBank:Savings  -4961 INR
    Expenses:Household
2019-02-04 * "BIL/INFT/001635087935/T KALIVARA/ICICI Bank" ""
  Assets:IN:ICICIBank:Savings  -12000 INR
    Expenses:Gift:Family
2019-02-05 * "BIL/INFT/001635383891/T KALIVARA/ICICI Bank" ""
  Assets:IN:ICICIBank:Savings  -2000 INR
    Expenses:Gift:Family
2019-02-07 * "CLG/Dd/385157/Iob/02.01.2019" ""
  Assets:IN:ICICIBank:Savings  2768 INR
    Income:IN:Investment:Dividend:Others
2019-02-08 * "BIL/INFT/001638357721/PRABU ANAN/ICICI Bank" ""
  Assets:IN:ICICIBank:Savings  -10000 INR
    Expenses:Gift:Family
2019-02-11 * "BIL/INFT/001639959502/for Kumar/T KALIVARA/ICICI B" ""
  Assets:IN:ICICIBank:Savings  -5374 INR
    Expenses:Household
2019-02-17 * "BIL/ONL/001644349027/Amazon Sel/2mBVp3i0TrEIjQX" ""
  Assets:IN:ICICIBank:Savings  -4037.7 INR
    Expenses:Household
2019-02-20 * "ACH/Hindustan Petroleum/240751" ""
  Assets:IN:ICICIBank:Savings  741 INR
    Income:IN:Investment:Dividend:Others
2019-02-22 * "Neft-Idibh19053418960-MRS R Kala--000000065111162" ""
  Assets:IN:ICICIBank:Savings  45000 INR
    Expenses:Gift:Family
2019-02-26 * "Atm/S1cnc182/Cash WDL/26-02-19 - For Kala" ""
  Assets:IN:ICICIBank:Savings  -25000 INR
    Expenses:Gift:Family
2019-02-27 * "MPS/Sri Aurobin/201902270636/003104/Pondicher" ""
  Assets:IN:ICICIBank:Savings  -278.48 INR
    Expenses:Household
2019-03-02 * "MCD Ref Sri Aurobindo Udyo Dt 190227" ""
  Assets:IN:ICICIBank:Savings  2.09 INR
    Expenses:Household
2019-03-04 * "MMT/IMPS/906318737139/from Jeeva/R KALA/IDIB000T10" ""
  Assets:IN:ICICIBank:Savings  -20005.9 INR
    Expenses:Gift:Family
2019-03-05 * "Ach/Bharat Petroleum Cor/Bpclin30009512100252" ""
  Assets:IN:ICICIBank:Savings  3168 INR
    Income:IN:Investment:Dividend:Others
2019-03-07 * "MPS/Krishnaa Ag/201903070648/500795/Pondicher" ""
  Assets:IN:ICICIBank:Savings  -298.87 INR
    Expenses:Household
2019-03-08 * "Atm/Spcnk737/Cash WDL/08-03-19" ""
  Assets:IN:ICICIBank:Savings  -5000 INR
    Expenses:Household
2019-03-12 * "MCD Ref Krishnaa a Dt 190307" ""
  Assets:IN:ICICIBank:Savings  2.24 INR
    Expenses:Household
2019-03-12 * "MPS/Thalinjai Z/201903122057/887260/Pondicher" ""
  Assets:IN:ICICIBank:Savings  -1752 INR
    Expenses:Household
2019-03-13 * "Bil/Onl/001662249685/Fastag/Vo0000000073751" ""
  Assets:IN:ICICIBank:Savings  -500 INR
    Expenses:Household
2019-03-15 * "MPS/Sri Aurobin/201903151651/011196/Pondicher" ""
  Assets:IN:ICICIBank:Savings  -300.42 INR
    Expenses:Household
2019-03-16 * "RwdFee/2142770/240219+GST" ""
  Assets:IN:ICICIBank:Savings  -116.82 INR
    Expenses:Household
2019-03-16 * "MCD Ref Thalinjai Zejiyaa Dt 190312" ""
  Assets:IN:ICICIBank:Savings  13.14 INR
    Expenses:Household
2019-03-18 * "MPS/Pothys Priv/201903181223/125478/Pondicher" ""
  Assets:IN:ICICIBank:Savings  -4474 INR
    Expenses:Household
2019-03-19 * "Ach/Rec Limited/7176777" ""
  Assets:IN:ICICIBank:Savings  2662 INR
    Income:IN:Investment:Dividend:Others
2019-03-19 * "MCD Ref Sri Aurobindo Udyo Dt 190315" ""
  Assets:IN:ICICIBank:Savings  2.25 INR
    Expenses:Household
2019-03-21 * "MPS/Lakshmi Eye/201903211133/004644/Pondicher" ""
  Assets:IN:ICICIBank:Savings  -870 INR
    Expenses:Household
2019-03-22 * "Ips/Sri Venu Co/201903220902/000000002908/Pondiche" ""
  Assets:IN:ICICIBank:Savings  -290 INR
    Expenses:Household
2019-03-22 * "Ach/TVS Motor Company L/N16060489333" ""
  Assets:IN:ICICIBank:Savings  2803 INR
    Income:IN:Investment:Dividend:Others
2019-03-22 * "TRFR From:jeeva SLB Obligation for 22/03/2019" ""
  Assets:IN:ICICIBank:Savings  8238.23 INR
    Income:IN:Investment:SLB:ILFSSS
2019-03-25 * "MPS/Sri Aurobin/201903251720/011770/Pondicher" ""
  Assets:IN:ICICIBank:Savings  -279.36 INR
    Expenses:Household
2019-03-25 * "BIL/ONL/001670621287/Amazon Sel/1qhgHi7NH8r2Uqf" ""
  Assets:IN:ICICIBank:Savings  -944.73 INR
    Expenses:Household
2019-03-26 * "Ach/Bdecs-Il and Fs/Txil235809" ""
  Assets:IN:ICICIBank:Savings  -22.97 INR
    Income:IN:Investment:Dividend:Others
2019-03-26 * "TRFR From:slb Obligation for 26/03/2019 Jeeva" ""
  Assets:IN:ICICIBank:Savings  9885.88 INR
    Income:IN:Investment:SLB:ILFSSS
2019-03-27 * "Neft-N086190784200778-Zerodha" ""
  Assets:IN:ICICIBank:Savings  90.38 INR
    Assets:IN:Investment:Zerodha:Cash
2019-03-27 * "IPS REF DT 23 03 2019 021859 BPCL 0 75 Cashless I" ""
  Assets:IN:ICICIBank:Savings  2.18 INR
    Expenses:Household
2019-03-28 * "MCD Ref Sri Aurobi Dt 190325" ""
  Assets:IN:ICICIBank:Savings  2.1 INR
    Expenses:Household
2019-03-30 * "614901513722:Int.Pd:31-12-2018 to 30-03-2019" ""
  Assets:IN:ICICIBank:Savings  486 INR
    Income:IN:ICICIBank:Savings:Interest
2019-04-01 * "MPS/Sri Aurobin/201904011758/012476/Pondicher" ""
  Assets:IN:ICICIBank:Savings  -249.22 INR
    Expenses:Household
2019-04-04 * "MCD Ref Sri Aurobindo Udyo Dt 190401" ""
  Assets:IN:ICICIBank:Savings  1.87 INR
    Expenses:Household
2019-04-07 * "MPS/Sri Aurobin/201904071038/003367/Pondicher" ""
  Assets:IN:ICICIBank:Savings  -259.99 INR
    Expenses:Household
2019-04-09 * "MPS/Pothys     /201904091853/542716/Puducherr" ""
  Assets:IN:ICICIBank:Savings  -205 INR
    Expenses:Household
2019-04-10 * "MCD Ref Sri Aurobindo Udyo Dt 190407" ""
  Assets:IN:ICICIBank:Savings  1.95 INR
    Expenses:Household
2019-04-11 * "Bil/Onl/001684176654/Zerodha/554946667548699" ""
  Assets:IN:ICICIBank:Savings  -200 INR
    Expenses:Financial:Fees
2019-04-12 * "MPS/Sri Nivas a/201904121715/122435/Puducherr" ""
  Assets:IN:ICICIBank:Savings  -1090 INR
    Expenses:Household
2019-04-12 * "MPS/Sri Aurobin/201904121752/013914/Pondicher" ""
  Assets:IN:ICICIBank:Savings  -280.2 INR
    Expenses:Household
2019-04-15 * "NFS/Cubfi019/Cash WDL/15-04-19" ""
  Assets:IN:ICICIBank:Savings  -4000 INR
    Expenses:Household
2019-04-16 * "MCD Ref Sri Aurobi Dt 190412" ""
  Assets:IN:ICICIBank:Savings  2.1 INR
    Expenses:Household
2019-04-20 * "MPS/Sri Aurobin/201904201705/004788/Pondicher" ""
  Assets:IN:ICICIBank:Savings  -272.08 INR
    Expenses:Household
2019-04-22 * "TRFR From:jeeva SLB Obligtion for 22/04/2019" ""
  Assets:IN:ICICIBank:Savings  9885.88 INR
    Income:IN:Investment:SLB:ILFSSS
2019-04-23 * "MPS/Pothys     /201904231819/631027/Puducherr" ""
  Assets:IN:ICICIBank:Savings  -149 INR
    Expenses:Household
2019-04-24 * "MCD Ref Sri Aurobindo Udyo Dt 190420" ""
  Assets:IN:ICICIBank:Savings  2.04 INR
    Expenses:Household
2019-04-25 * "MPS/Sri Aurobin/201904251750/000378/Pondicher" ""
  Assets:IN:ICICIBank:Savings  -285.15 INR
    Expenses:Household
2019-04-28 * "Ips/HPCL T Kala/201904281514/000000001280/Pondiche" ""
  Assets:IN:ICICIBank:Savings  -2060 INR
    Expenses:Household
2019-04-30 * "MCD Ref Sri Aurobindo Udyo Dt 190425" ""
  Assets:IN:ICICIBank:Savings  2.14 INR
    Expenses:Household
2019-05-03 * "MPS/HPCL Vijay /201905030949/297917/Tiruvallu" ""
  Assets:IN:ICICIBank:Savings  -1500 INR
    Expenses:Household
2019-05-04 * "IPS REF DT 29 04 2019 000167 HPCL 0 75  Cashless I" ""
  Assets:IN:ICICIBank:Savings  15.45 INR
    Expenses:Household
2019-05-08 * "MCD Ref HPCL Vijay Service Dt 190503" ""
  Assets:IN:ICICIBank:Savings  11.25 INR
    Expenses:Household
2019-05-08 * "Ips/Pothys Priv/201905081752/000000008517/Puducher" ""
  Assets:IN:ICICIBank:Savings  -2682 INR
    Expenses:Household
2019-05-09 * "MPS/Sri Aurobin/201905091655/015437/Pondicher" ""
  Assets:IN:ICICIBank:Savings  -265.58 INR
    Expenses:Household
2019-05-13 * "MPS/Sri Jaya Ga/201905132107/153129/Pondicher" ""
  Assets:IN:ICICIBank:Savings  -900 INR
    Expenses:Household
2019-05-14 * "MCD Ref Sri Aurobindo Udyo Dt 190509" ""
  Assets:IN:ICICIBank:Savings  1.99 INR
    Expenses:Household
2019-05-18 * "MPS/Sri Kumaran/201905181423/166192/Pondicher" ""
  Assets:IN:ICICIBank:Savings  -1635 INR
    Expenses:Household
2019-05-18 * "MPS/Sri Narasus/201905181539/000989/Pondicher" ""
  Assets:IN:ICICIBank:Savings  -352 INR
    Expenses:Household
2019-05-18 * "MPS/Mothers Sup/201905181724/156725/Pondicher" ""
  Assets:IN:ICICIBank:Savings  -329 INR
    Expenses:Household
2019-05-18 *   "MPS/Santhi Swee/201905181731/004225/Pattukann" ""
  Assets:IN:ICICIBank:Savings  -260 INR
    Expenses:Household
2019-05-19 * "MPS/Krishnaa Ag/201905191348/514563/Pondicher" ""
  Assets:IN:ICICIBank:Savings  -284.83 INR
    Expenses:Household
2019-05-19 * "Ips/Muthu Silk /201905192112/000000004136/Pondiche" ""
  Assets:IN:ICICIBank:Savings  -1217 INR
    Expenses:Household
2019-05-20 * "MPS/Singapore S/201905201117/435845/Puducherr" ""
  Assets:IN:ICICIBank:Savings  -470 INR
    Income:IN:ICICIBank:Savings:Interest
2019-05-20 * "MPS/M B Vaithiy/201905201149/509816/Pondicher" ""
  Assets:IN:ICICIBank:Savings  -549 INR
    Expenses:Household
2019-05-20 * "MPS/Murugan Ste/201905201311/002046/Pondicher" ""
  Assets:IN:ICICIBank:Savings  -610 INR
    Expenses:Household
2019-05-20 * "MPS/Shnmuagasun/201905202018/201438/Pondicher" ""
  Assets:IN:ICICIBank:Savings  -1100 INR
    Expenses:Household
2019-05-22 * "MPS/Sri Aurobin/201905221658/003367/Pondicher" ""
  Assets:IN:ICICIBank:Savings  -269.56 INR
    Expenses:Household
2019-05-24 * "Pmsby Renewal Premium Fy 20" ""
  Assets:IN:ICICIBank:Savings  -12 INR
    Expenses:Financial:Insurance
2019-05-25 * "MPS/Srinivas Ag/201905252004/547853/Puducherr" ""
  Assets:IN:ICICIBank:Savings  -1200 INR
    Expenses:Household
2019-05-25 * "MPS/Sri Aurobin/201905252016/003770/Pondicher" ""
  Assets:IN:ICICIBank:Savings  -200 INR
    Expenses:Household
2019-05-27 * "Ach/Bdecs-Il and Fs/Txil247821" ""
  Assets:IN:ICICIBank:Savings  -34.81 INR
    Income:IN:Investment:Dividend:Others
2019-05-27 * "MCD Ref Sri Aurobindo Udyo Dt 190522" ""
  Assets:IN:ICICIBank:Savings  2.02 INR
    Expenses:Household
2019-05-28 * "MPS/Krishnaa Ag/201905281754/516667/Pondicher" ""
  Assets:IN:ICICIBank:Savings  -262.5 INR
    Expenses:Household
2019-05-29 * "MCD Ref Sri Aurobindo Udyo Dt 190525" ""
  Assets:IN:ICICIBank:Savings  1.5 INR
    Expenses:Household
2019-06-01 * "MPS/Focus Color/201906011915/213089/Pondicher" ""
  Assets:IN:ICICIBank:Savings  -588.88 INR
    Expenses:Household
2019-06-04 * "MPS/Pothys     /201906041823/177980/Puducherr" ""
  Assets:IN:ICICIBank:Savings  -3231 INR
    Expenses:Household
2019-06-04 * "MPS/Sri Aurobin/201906041847/000672/Pondicher" ""
  Assets:IN:ICICIBank:Savings  -270.6 INR
    Expenses:Household
2019-06-07 * "MCD Ref Sri Aurobind Dt 190604" ""
  Assets:IN:ICICIBank:Savings  2.03 INR
    Expenses:Household
2019-06-10 * "MPS/Sri Aurobin/201906101711/005214/Pondicher" ""
  Assets:IN:ICICIBank:Savings  -289.5 INR
    Expenses:Household
2019-06-10 * "Ips/Pothys Priv/201906101802/000000003397/Puducher" ""
  Assets:IN:ICICIBank:Savings  -236 INR
    Expenses:Household
2019-06-12 * "NFS/00900004/Cash WDL/12-06-19" ""
  Assets:IN:ICICIBank:Savings  -5000 INR
    Expenses:Household
2019-06-13 * "McDrefsriaurobidt190610" ""
  Assets:IN:ICICIBank:Savings  2.17 INR
    Expenses:Household
2019-06-16 * "MPS/Sri Aurobin/201906160739/001762/Pondicher" ""
  Assets:IN:ICICIBank:Savings  -279.16 INR
    Expenses:Household
2019-06-19 * "Neft-N170190854268510-Zerodha -18062019 Rj2626-5750000" ""
  Assets:IN:ICICIBank:Savings  29.35 INR
    Assets:IN:Investment:Zerodha:Cash
2019-06-19 * "MCD Ref Sri Aurobind Dt 190616" ""
  Assets:IN:ICICIBank:Savings  2.09 INR
    Expenses:Household
2019-06-19 * "Atm/S1vdk574/Cash WDL/19-06-19" ""
  Assets:IN:ICICIBank:Savings  -5000 INR
    Expenses:Household
2019-06-23 * "MPS/Nithishwar /201906231227/641512/Pondicher" ""
  Assets:IN:ICICIBank:Savings  -274.23 INR
    Expenses:Household
2019-06-25 * "Ach/Infosys Limited/18832641" ""
  Assets:IN:ICICIBank:Savings  525 INR
    Income:IN:Investment:Dividend:Others
2019-06-27 * "MPS/HPCL Shri B/201906270955/542670/Pondicher" ""
  Assets:IN:ICICIBank:Savings  -258.05 INR
    Expenses:Household
2019-06-28 * "MCD Ref Nithishwar a Dt 190623" ""
  Assets:IN:ICICIBank:Savings  2.06 INR
    Expenses:Household
2019-06-28 * "614901513722:Int.Pd:31-03-2019 to 28-06-2019" ""
  Assets:IN:ICICIBank:Savings  261 INR
    Income:IN:ICICIBank:Savings:Interest
2019-07-02 * "BIL/INFT/001743566649/family/" ""
  Assets:IN:ICICIBank:Savings  10000 INR
    Expenses:Gift:Family
2019-07-02 * "NFS/P3ence91/Cash WDL/02-07-19" ""
  Assets:IN:ICICIBank:Savings  -5000 INR
    Expenses:Household
2019-07-08 * "Ips/Pothys Priv/201907081845/000000015285/Puducher" ""
  Assets:IN:ICICIBank:Savings  -2314 INR
    Expenses:Household
2019-07-08 * "MPS/Sri Aurobin/201907081906/007982/Pondicher" ""
  Assets:IN:ICICIBank:Savings  -279.83 INR
    Expenses:Household
2019-07-10 * "MPS/Sri Ganapat/201907101331/501103/Cuddalore" ""
  Assets:IN:ICICIBank:Savings  -181 INR
    Expenses:Household
2019-07-11 * "MCD Ref Sri Aurobindo Udyo Dt 190708" ""
  Assets:IN:ICICIBank:Savings  2.1 INR
    Expenses:Household
2019-07-13 * "MPS/v S T Silks/201907131221/155742/Pondicher" ""
  Assets:IN:ICICIBank:Savings  -422 INR
    Expenses:Household
2019-07-13 * "MPS/Ram Silks  /201907131301/525660/Puducherr" ""
  Assets:IN:ICICIBank:Savings  -812 INR
    Expenses:Household
2019-07-13 * "MPS/Sri Aurobin/201907131331/000787/Pondicher" ""
  Assets:IN:ICICIBank:Savings  -279.26 INR
    Expenses:Household
2019-07-16 * "MPS/Jubilant Fo/201907162000/019963/Pondicher" ""
  Assets:IN:ICICIBank:Savings  -553.36 INR
    Expenses:Household
2019-07-16 * "MPS/Jubilant Fo/201907162050/019966/Pondicher" ""
  Assets:IN:ICICIBank:Savings  -249.9 INR
    Expenses:Household
2019-07-17 * "MCD Ref Sri Aurobind Dt 190713" ""
  Assets:IN:ICICIBank:Savings  2.09 INR
    Expenses:Household
2019-07-17 * "Ips/Pothys Priv/201907171845/000000005118/Puducher" ""
  Assets:IN:ICICIBank:Savings  -156 INR
    Expenses:Household
2019-07-19 * "Ach/KVB Div 2018-2019/191110524" ""
  Assets:IN:ICICIBank:Savings  76.8 INR
    Income:IN:Investment:Dividend:Others
2019-07-24 * "MPS/Thalinjai Z/201907240640/586865/Pondicher" ""
  Assets:IN:ICICIBank:Savings  -2264 INR
    Expenses:Household
2019-07-26 * "MPS/Pothys     /201907261859/499026/Puducherr" ""
  Assets:IN:ICICIBank:Savings  -125 INR
    Expenses:Household
2019-07-27 * "MPS/Sri Aurobin/201907271805/003124/Pondicher" ""
  Assets:IN:ICICIBank:Savings  -287.1 INR
    Expenses:Household
2019-07-27 * "Ips/Green Fieel/201907271812/000000021556/Pondiche" ""
  Assets:IN:ICICIBank:Savings  -109 INR
    Expenses:Household
2019-07-29 * "MPS/Apollo Hosp/201907291807/823989/Pondicher" ""
  Assets:IN:ICICIBank:Savings  -179.45 INR
    Expenses:Household
2019-07-30 * "MCD Ref Thalinjai Zejiyaa  Dt 190724" ""
  Assets:IN:ICICIBank:Savings  16.98 INR
    Expenses:Household
2019-07-31 * "MCD Ref Sri Aurobindo Udyo Dt 190727" ""
  Assets:IN:ICICIBank:Savings  2.15 INR
    Expenses:Household
2019-08-03 * "NFS/00900035/Cash WDL/03-08-19" ""
  Assets:IN:ICICIBank:Savings  -5000 INR
    Expenses:Household
2019-08-09 * "Ach/Gujarat Pipavav Port/741380" ""
  Assets:IN:ICICIBank:Savings  369 INR
    Income:IN:Investment:Dividend:Others
2019-08-13 * "CMS/Icici Prudential/Final 19 3866813" ""
  Assets:IN:ICICIBank:Savings  48.05 INR
    Income:IN:Investment:Dividend:Others
2019-08-14 * "Ach/Greateasternshipping/1357666" ""
  Assets:IN:ICICIBank:Savings  415.8 INR
    Income:IN:Investment:Dividend:Others
2019-08-14 * "Ach/Bata India Ltd. 2019/Bp01890" ""
  Assets:IN:ICICIBank:Savings  12.5 INR
    Income:IN:Investment:Dividend:Others
2019-08-23 * "ACH/Hindustan Petroleum/217029" ""
  Assets:IN:ICICIBank:Savings  1071.6 INR
    Income:IN:Investment:Dividend:Others
2019-09-02 * "Ach/Petronet LNG Limited/6745745" ""
  Assets:IN:ICICIBank:Savings  7200 INR
    Income:IN:Investment:Dividend:PETRONET
2019-09-11 * "Ach/Bharat Petroleum Cor/Bpclin30009512100252" ""
  Assets:IN:ICICIBank:Savings  2304 INR
    Income:IN:Investment:Dividend:Others
2019-09-29 * "614901513722:Int.Pd:29-06-2019 to 29-09-2019" ""
  Assets:IN:ICICIBank:Savings  95 INR
    Income:IN:ICICIBank:Savings:Interest
2019-11-01 * "Neft-N305190969344885-RKSV – Jeeva-157723" ""
  Assets:IN:ICICIBank:Savings  75729.72 INR
    Assets:IN:Investment:RKSV:Cash
2019-11-13 * "Ach/Gujarat Pipavav Port/00000000000000840943" ""
  Assets:IN:ICICIBank:Savings  430.5 INR
    Income:IN:Investment:Dividend:Others
2019-11-18 * "Ach/Petronet LNG Limited/7248391" ""
  Assets:IN:ICICIBank:Savings  8800 INR
    Income:IN:Investment:Dividend:PETRONET
2019-12-27 * "Neft-N361191018742213-Issl-TWDS Refund-00600340037" ""
  Assets:IN:ICICIBank:Savings  34.92 INR
    Assets:IN:Investment:ILFSSS:Cash
2019-12-30 * "614901513722:Int.Pd:30-09-2019 to 30-12-2019" ""
  Assets:IN:ICICIBank:Savings  610 INR
    Income:IN:ICICIBank:Savings:Interest
2020-03-11 * "Bil/Onl/001943718683/Zerodha/065000940433294" ""
  Assets:IN:ICICIBank:Savings  -20000 INR
    Assets:IN:Investment:Zerodha:Cash
2020-03-12 * "Bil/Onl/001944252321/Zerodha/533227804452619" ""
  Assets:IN:ICICIBank:Savings  -20000 INR
    Assets:IN:Investment:Zerodha:Cash
2020-03-17 * "Bil/Onl/001948319559/Zerodha/201638686317781" ""
  Assets:IN:ICICIBank:Savings  -20000 INR
    Assets:IN:Investment:Zerodha:Cash
2020-03-18 * "Bil/Onl/001948841275/Zerodha/925641506092197" ""
  Assets:IN:ICICIBank:Savings  -20000 INR
    Assets:IN:Investment:Zerodha:Cash
2020-03-27 * "Ach/Oil and Natural Gas/00000000000000000000000024" ""
  Assets:IN:ICICIBank:Savings  1720 INR
    Income:IN:Investment:Dividend:Others
2020-03-29 * "614901513722:Int.Pd:31-12-2019 to 29-03-2020" ""
  Assets:IN:ICICIBank:Savings  753 INR
    Income:IN:ICICIBank:Savings:Interest

*** FY2021-22
2021-04-02 * "MPS/Pothys     /202104021837/931087/Puducherr     "
  Assets:IN:ICICIBank:Savings  -2627.00 INR
  Expenses:Household
2021-04-02 * "Atm/Secnd563/Cash WDL/02-04-21                    "
  Assets:IN:ICICIBank:Savings  -6000.00 INR
  Expenses:Household
2021-04-03 * "MCD Ref Shri Balaji                               "
  Assets:IN:ICICIBank:Savings  5.25 INR
  Expenses:Household
2021-04-07 * "Neft-N097211465643690-Zerodha Broking Ltdclient Account-06042021 Rj2626-5750000"
  Assets:IN:ICICIBank:Savings  476.97 INR
  Assets:IN:Investment:Zerodha:Cash
2021-05-19 * "Neft-N139210599424464-Zerodha Broking Limited Nse Client--002283000000071-Yesb0"
  Assets:IN:ICICIBank:Savings  444000.00 INR
  Assets:IN:Investment:Zerodha:Cash
2021-05-19 * "MMT/IMPS/113908113707/Account Validat/Cams      /H"
  Assets:IN:ICICIBank:Savings  1.00 INR
  Assets:IN:HDFCMF:LiquidFund
2021-05-19 * "Bil/Onl/000117608646/HDFC Asset/Hdfcfund_vici99   "
  Assets:IN:ICICIBank:Savings  -440000.00 INR
  Assets:IN:HDFCMF:LiquidFund
2021-05-19 * "Neft-N139210600355317-Zerodha Broking Limited Nse Client--002283000000071-Yesb0"
  Assets:IN:ICICIBank:Savings  395000.00 INR
  Assets:IN:Investment:Zerodha:Cash
2021-05-20 * "Bil/Onl/000118236783/HDFC Asset/Hdfcfund_vici99   "
  Assets:IN:ICICIBank:Savings  -395000.00 INR
  Assets:IN:HDFCMF:LiquidFund
2021-05-20 * "Neft-N140210601444776-Zerodha Broking Limited Nse Client--002283000000071-Yesb0"
  Assets:IN:ICICIBank:Savings  394000.00 INR
  Assets:IN:Investment:Zerodha:Cash
2021-05-21 * "Bil/Onl/000118862220/HDFC Asset/Hdfcfund_vici99   "
  Assets:IN:ICICIBank:Savings  -394000.00 INR
  Assets:IN:HDFCMF:LiquidFund
2021-05-26 * "Pmsby Renewal Premium Fy 22                       "
  Assets:IN:ICICIBank:Savings  -12.00 INR
  Expenses:Household
2021-06-29 * "614901513722:Int.Pd:30-03-2021 to 29-06-2021      "
  Assets:IN:ICICIBank:Savings  152.00 INR
  Income:IN:ICICIBank:Savings:Interest
2021-07-27 * "Ach/Inb Fin Div 2021/Wn297789 Cl 1208160015584561 "
  Assets:IN:ICICIBank:Savings  212.00 INR
  Income:IN:Investment:Dividend:Others
2021-08-12 * "Neft-N224210707057836-Zerodha Broking Limited Nse Client-Yesb0000001-0022830000"
  Assets:IN:ICICIBank:Savings  157.49 INR
  Assets:IN:Investment:Zerodha:Cash
2021-09-29 * "614901513722:Int.Pd:30-06-2021 to 29-09-2021      "
  Assets:IN:ICICIBank:Savings  105.00 INR
  Income:IN:ICICIBank:Savings:Interest
2021-10-22 * "Ach/Petronet LNG Limited/Pet0fin02021w384579      "
  Assets:IN:ICICIBank:Savings  5040.00 INR
  Income:IN:Investment:Dividend:PETRONET
2021-12-29 * "Bil/Inft/000290262636/                            "
  Assets:IN:ICICIBank:Savings  -9193.90 INR
  Expenses:Household
2021-12-30 * "614901513722:Int.Pd:30-09-2021 to 30-12-2021      "
  Assets:IN:ICICIBank:Savings  135.00 INR
  Income:IN:ICICIBank:Savings:Interest
2022-01-05 * "MMT/IMPS/200513041022/UPSTOX Fund Tra/RKSV SECUR/R"
  Assets:IN:ICICIBank:Savings  536.42 INR
  Assets:IN:Investment:RKSV:Cash
2022-01-15 * "Ach/Ahmpj9623p-Ay2021-22/Ce22165865083            "
  Assets:IN:ICICIBank:Savings  1890.00 INR
  Income:IN:Investment:Dividend:Others
2022-03-29 * "614901513722:Int.Pd:31-12-2021 to 29-03-2022      "
  Assets:IN:ICICIBank:Savings    89.00 INR
  Income:IN:ICICIBank:Savings:Interest
