;; -*- mode: beancount; coding: utf-8; fill-column: 400; -*-



* options
option  "title" "kvnagar household Ledger"
option "operating_currency" "INR" ;; Rupee symbol ₹
;option "documents" "documents"
option "insert_pythonpath" "True"
;2010-01-01 custom "fava-option" "import-config" "config_kvnagar.py"
;2010-01-01 custom "fava-option" "import-dirs" "Downloads"
2010-01-01 custom "fava-option" "fiscal-year-end" "03-31"
2010-07-25 custom "fava-option" "show-accounts-with-zero-transactions" "False"
2010-07-25 custom "fava-option" "show-accounts-with-zero-balance" "False"


;the below file contains commonly used queries
include "/home/prabu/beancount/tools/query.beancount"

** Plugins list

;; The following plugin renames an account to another. Can be enabled temporarily for taxation or other such purposes
;location of plugin: /home/prabu/beancount/household/beancount_reds_plugins/rename_accounts/rename_accounts.py
;plugin "beancount_reds_plugins.rename_accounts.rename_accounts" "{
; 'Expenses:Gift:Relatives' : 'Expenses:Gift:Prasanna',
; }"

;; Don't know how to run this plugin. https://github.com/w1ndy/beancount_balexpr
;; plugin "beancount_balexpr.balexpr"
;; 2021-03-20 custom "balexpr" "Assets:Household:Cash:Prabu*20"

;; https://github.com/andreasgerstmayr/fava-dashboards

;; 2010-01-01 custom "fava-extension" "fava_dashboards""{
;;     'config': '/home/prabu/beancount/household/dashboards.yaml'
;; }"

* Account Declarations

2010-01-01 open Equity:Opening-Balances
;2010-01-01  open    Equity:Unaccounted ;moved to expense

1947-08-15 commodity INR
  name: "Indian Rupee"
  asset-class: "cash"
  export: "INR"

** Asset Accounts
*** Cash Accounts

2010-01-01 open Assets:Household:Cash:Jeeva INR
2021-06-30 close Assets:Household:Cash:Jeeva ;;Died on 2021-06-12
2010-01-01 open Assets:Household:Cash:Kali  INR
2021-12-31 close Assets:Household:Cash:Kali  ;;Died on 2021-10-23

;; Family
2010-01-01 open Assets:Household:Cash:Prabu INR
2010-01-01 open Assets:Household:Cash:Aniruth   INR
2010-01-01 open Assets:Household:Cash:Aadhirai  INR
2010-01-01 open Assets:Household:Cash:Cashbox   INR

2022-01-01 open Assets:Kpmhouse:Vimala INR

2010-01-01 pad Assets:Household:Cash:Aadhirai Equity:Opening-Balances
2010-01-01 pad Assets:Household:Cash:Kali Equity:Opening-Balances

;Accounting for opening balance for Kalivaradhan
2020-07-01  balance Assets:Household:Cash:Kali         1251 INR

;; No seperate money is kept as farm money. So money spent on farm goes
;; directly as expense..not as assets
;2010-01-01  open     Assets:Farm:Prabu
;2010-01-01  open    Assets:Farm:Kali


*** Bank Accounts
2010-01-01  open    Assets:IciciBank:Kali   INR
2010-01-01  open    Assets:IciciBank:Prabu  INR
2010-01-01  open    Assets:IciciBank:Jeeva  INR
2010-01-01  open    Assets:SBI:Kali:Savings INR
2010-01-01  open    Assets:SBI:Prabu:Savings    INR
2010-01-01  open    Assets:KVB:Prabu:Savings    INR
2023-10-01  open    Assets:KVB:Aniruth:Savings INR
2023-12-03  open    Assets:KOTAK:Aniruth:Savings INR
2010-01-01  open    Assets:IOB:Prabu:Savings    INR
2010-01-01  open    Assets:IOB:Aniruth:Savings  INR
2010-01-01  open    Assets:IOB:Aadhirai:Savings INR


2010-01-01  open    Assets:Household:Amazon:Pay
2010-01-01  open    Assets:Household:Bigbasket:Wallet

2020-08-12  pad     Assets:Household:Amazon:Pay    Equity:Opening-Balances

; Money credited by Amazon as cashback is being accounted as Income
2010-01-01  open    Income:Amazon:Cashback
2010-01-01  open    Income:Pothys:Cashback
2010-01-01  open    Income:BHIM:Cashback
2010-01-01  open    Income:GBC:Cashback


;; The following accounts will be used for accounting expenses


** Expense Accounts

*** Capital Goods & Consumables
2010-01-01 open Expenses:Capex
;anything that has a life across many months etc.. car, tv, fridge, mobile, battery,inverter,land,house etc..

2010-01-01 open Expenses:Consumables
; anything that is needed to operate above things but costs much less etc.. printer cartridge, alkaline battery
;

*** Clothes
2010-01-01 open Expenses:Clothes

*** Postal and courier
2010-01-01 open Expenses:Communication ; Postage, Photocopying,Internet-Fiber & Mobile recharges,

*** Education
2010-01-01 open Expenses:Education:Fees
2010-01-01 open Expenses:Education:Transport
2010-01-01 open Expenses:Education:Stationary
2010-01-01 open Expenses:Education:Books
2010-01-01 open Expenses:Education:Others

*** Entertainment
2010-01-01 open Expenses:Entertainment:Television ; cable, DTH
2010-01-01 open Expenses:Entertainment:Cinema ; visit to theatre, Google Movies etc..
2010-01-01 open Expenses:Entertainment:Sports ; fees & goods
2010-01-01 open Expenses:Entertainment:Print  ;includes Newspapers, Magazines
2010-01-01 open Expenses:Entertainment:Others  ;covers everything not listed above

;; Both the below options moved to Communications
;;  Fiber internet, mobile data recharge and  Mobile plans including combo plans, gadgets not included

*** Farm Accounts
;;
; Money either brought by Poongavanam to spent through Poongavanam goes here
2010-01-01  open    Assets:Poongavanam:Cash     INR
2021-12-31  close   Assets:Poongavanam:Cash
2010-01-01  open    Assets:Farm:KovadiMohan:Cash     INR

;; Expenses related to land development are accounted here.. More like capex
2010-01-01  open    Expenses:Farm:Land:Cleaning
2010-01-01  open    Expenses:Farm:Land:Ploughing
2010-01-01  open    Expenses:Farm:Land:Others
2010-01-01  open    Expenses:Farm:Pipeline:Pipe
2010-01-01  open    Expenses:Farm:Pipeline:JCB
2010-01-01  open    Expenses:Farm:Pipeline:Plumber
2010-01-01  open    Expenses:Farm:Pipeline:Others
2010-01-01  open    Expenses:Farm:Irrigation:Material
2010-01-01  open    Expenses:Farm:Irrigation:Labour
2022-11-20  open    Expenses:Farm:Pumphouse:Labour
2022-11-20  open    Expenses:Farm:Pumphouse:Material
2010-01-01  open    Expenses:Farm:Tools

;; Expenses done at project level are tracked using tags
;; eg2020CH5 refers to the casuarina variety CH4 planted in                          2020.

2010-01-01  open    Expenses:Farm:Planting:Seed ;May include saplings as the case may be
2010-01-01  open    Expenses:Farm:Planting:Labour
2010-01-01  open    Expenses:Farm:Nutrients ;includes both chemical and bio-fertilizer for now
2010-01-01  open    Expenses:Farm:Pestcontrol ; includes both chemical and bio for now
2010-01-01  open    Expenses:Farm:Weeding   ; includes both labour or machine weeding
2010-01-01  open    Expenses:Farm:Harvesting
2010-01-01  open    Expenses:Farm:PostHarvesting
2010-01-01  open    Expenses:Farm:Transport
2010-01-01  open    Expenses:Farm:Fence:Material
2010-01-01  open    Expenses:Farm:Fence:Labour

2010-01-01 open  Income:Farm:Crop


;2010-01-01  open     Expenses:Farm:Capex ; includes expenses related to land purchase
;2010-01-01  open     Expenses:Farm:Opex ; includes expenses related to annual maintenance..taxes etc..

*** Gifts
;includes temp loans to friends, relatives. Loans within family also comes under here..
2010-01-01 open Expenses:Gift:God
2010-01-01 open Expenses:Gift:Family
2010-01-01 open Expenses:Gift:Relatives
2010-01-01 open Expenses:Gift:Friends
2010-01-01 open Expenses:Gift:Charity

*** Household
;all everyday necessities including food & Toiletries goes here
2010-01-01 open Expenses:Food:Groceries
2010-01-01 open Expenses:Food:Vegetables
2010-01-01 open Expenses:Food:Fruits
2010-01-01 open Expenses:Food:Milk
2010-01-01 open Expenses:Food:Chat

2010-01-01 open Expenses:Toiletries ;Napkins,Cleaning Aids like Soaps & Detergents, Grooming - Oil,shaving etc..

*** Medical
2010-01-01 open Expenses:Medical:Consultation
2010-01-01 open Expenses:Medical:Diagnostics
2010-01-01 open Expenses:Medical:Medicine
2010-01-01 open Expenses:Medical:Insurance
2010-01-01 open Expenses:Medical:Others

*** Transport
2010-01-01 open Expenses:Transport:Fuel:Ikon
2010-01-01 open Expenses:Transport:Ikon:Insurance
2010-01-01 open Expenses:Transport:Ikon:Repairs
2010-01-01 open Expenses:Transport:Ikon:Fastag
2010-01-01 open Expenses:Transport:Fuel:Ray
2010-01-01 open Expenses:Transport:Ray:Insurance
2010-01-01 open Expenses:Transport:Ray:Repairs
2010-01-01 open Expenses:Transport:Fuel:Star
2010-01-01 open Expenses:Transport:Star:Insurance
2010-01-01 open Expenses:Transport:Star:Repairs
2010-01-01 open Expenses:Transport:Cycle
2010-01-01 open Expenses:Transport:Public
2010-01-01 open Expenses:Transport:Others

*** Utilities
; recurring payments .. monthly, bimonthly or yearly
2010-01-01 open Expenses:Utilities:Electricity ; electrical works accounted here
2010-01-01 open Expenses:Utilities:Watersupply ; plumbing expenses are accounted here
2010-01-01 open Expenses:Utilities:Propertytax
2010-01-01 open Expenses:Utilities:Gas
2010-01-01 open Expenses:Utilities:Garbagecollection
2010-01-01 open Expenses:Utilities:Maid
2010-01-01 open Expenses:Utilities:Garden
2010-01-01 open Expenses:Utilities:Iron
2010-01-01 open Expenses:Utilities:Others

*** Financial Payments
2010-01-01 open Expenses:Financial:Fees ;Bank Charges ATM/SMS etc...
2010-01-01 open Expenses:Term:Insurance ;Insurance - Term only


*** Unaccounted
;To account for missed expenses or missing money
2010-01-01 open Expenses:Unaccounted


*** kpm accounts

2010-01-01 open Expenses:Kpmhouse:Capex INR
2010-01-01 open Expenses:Kpmhouse:Repairs INR
2010-01-01 open Expenses:Kpmhouse:Cleaning INR



** Special Accounts

* Events
** homepc_sw
;Tracks all software changes to homepc-lm. The main purpose is to keep track of all software installed and removed and for inventory tracking

2022-03-21 event "homepc_sw" "added utility z from https://github.com/rupa/z"
;copied z.1 to /usr/local/man/man1/
;copied z.sh to /usr/local/bin/
;added . /usr/local/bin/z.sh to .bashrc file

2022-03-21 event "homepc_sw" "added utility tt or tt-time-tracker from https://github.com/dribnif/tt"
;pip3 install tt-time-tracker
;documentation at https://github.com/dribnif/tt/blob/master/README.md
;No custom changes made

2022-03-23 event "homepc_sw" "uninstalled utility tt-time-tracker"
;pip uninstall tt-time-tracker
;main issue is timestamp getting wrong.

2022-03-23 event "homepc_sw" "installed utility watson to track time https://tailordev.github.io/Watson/"
;pip install td-watson
;modified config file by changing the date format from : to -
;No major issues compared to tt except for the lack of notes

2022-04-19 event "homepc_sw" "re-enabled pm-hibernate in ubuntu"
;Not sure why the hibernate got disabled. Re-enabled it back
;https://ubuntuhandbook.org/index.php/2017/10/enable-hibernate-ubuntu-17-10/

2022-04-22 event "homepc_sw" "removed ubuntu nvidia driver, disabled Nouveau, installed offical nvidia driver"
;this was done as suspend feature is not working most of the time
;https://linuxconfig.org/how-to-install-the-nvidia-drivers-on-ubuntu-20-04-focal-fossa-linux
;https://linuxconfig.org/how-to-uninstall-the-nvidia-drivers-on-ubuntu-20-04-focal-fossa-linux

2022-04-26 event "homepc_sw" "restored Nouveau, removed all nvidia drivers"
;sleep and hibernate are not working with nvidia drivers, irrespective of source.

2022-04-26 event "homepc_sw" "removed emacs deamon version"
;systemctl --user status --now emacs
;sudo systemctl status user@1000.service
;https://emacsredux.com/blog/2020/07/16/running-emacs-with-systemd/
;https://www.unixsysadmin.com/systemd-user-services/



* Bank Transactions
** Kali Bank Txn
;;Imported Transactions from Icicibank:Kali are reflected here
*** 2020-07

2020-07-02 * "IIN/I-Debit/Amazon in G/202007020915/018413002900/"
  Expenses:Food:Groceries
  Expenses:Toiletries                                   441 INR
  Expenses:Gift:Relatives                             258.4 INR
  Assets:IciciBank:Kali                            -2552.65 INR

2020-07-02 * "Ips/Sri Aurobin/202007021004/000000017312/Pondiche" ""
  Assets:IciciBank:Kali                             -299.75 INR
    Expenses:Transport:Fuel:Ray

;urad,toor,moong,other groceries ,agarbathi
2020-07-02 * "MPS/Shnmuagasun/202007021030/000817/Pondicher     " ""
  Assets:IciciBank:Kali                               -1741 INR
     Expenses:Food:Groceries 1691
     Expenses:Toiletries

;   "mayur rice1300,idlirice30x15-450, 2kg broken 35"
2020-07-02 * "MPS/Thaneegai T/202007021043/001064/Pondicher     " ""
    Assets:IciciBank:Kali                             -1820 INR
        Expenses:Food:Groceries
2020-07-03 * "BIL/INFT/002021406814/farming Expense/            " ""#2020CH4
  Assets:IciciBank:Kali                               -7000 INR
    Expenses:Farm:Land:Ploughing

2020-07-04 * "IPS REF DT 07 02 2020 021191 BPCL 0 75  Cashless I" ""
  Assets:IciciBank:Kali                                2.25 INR
    Expenses:Transport:Fuel:Ray
; "Maid Meena Salary adv - Cash withdrawn ATM"
2020-07-11 * "NFS/Iobd5328/Cash WDL/11-07-20 " "Maid Meena Loan advance"
  Assets:IciciBank:Kali                              -10000 INR
    Expenses:Utilities:Maid                           10000 INR
2020-07-13 * "Atm/Spcnl215/Cash WDL/13-07-20                    " ""
  Assets:IciciBank:Kali                               -8000 INR
    Assets:Household:Cash:Prabu

;BIL/ONL/002030836374/Amazon Sel/2vCDvjrheYFDs2J
2020-07-15 * "alkaline batteries AA 8Nos Amazonbasics" ""
  Assets:IciciBank:Kali                             -182.26 INR
    Expenses:Consumables
2020-07-15 * "BIL/ONL/002030853099/Reliance J/801045290797212   " "#Aniruth"
  Assets:IciciBank:Kali                               -1299 INR
    Expenses:Communication
2020-07-23 * "MPS/Sri Meenaks/202007231942/452904/Puducherr     " ""
  Assets:IciciBank:Kali                             -313.67 INR
    Expenses:Transport:Fuel:Ray
2020-07-29 * "MCD Ref Sri Meenak Dt 200723                      " ""
  Assets:IciciBank:Kali                                2.35 INR
    Expenses:Transport:Fuel:Ray
2020-07-30 * "MMT/IMPS/021211002457/Quick Pay FT/Ploughing /IDIB" "For diesel" #2020CH4
  Assets:IciciBank:Kali                               -3200 INR
    Expenses:Farm:Land:Ploughing

2020-07-30 * "Ips/Sri Aurobin/202007301704/000000003185/Pondiche" ""
  Assets:IciciBank:Kali                             -294.02 INR
        Expenses:Transport:Fuel:Ray

*** 2020-08

2020-08-02 * "Atm/Secnd563/Cash WDL/02-08-20                    " ""
  Assets:IciciBank:Kali                              -10000 INR
    Assets:Household:Cash:Prabu
;Continental coffee
2020-08-03 * "BIL/ONL/002043158620/Amazon Sel/31XC3iK69KL9rbz   " ""
  Assets:IciciBank:Kali                             -356.25 INR
    Expenses:Food:Groceries
2020-08-03 * "IPS REF DT 31 07 20 006062 BPCL 0 75  Cashless in " ""
  Assets:IciciBank:Kali                                2.21 INR
  Expenses:Transport:Fuel:Ray

2020-08-06 * "IIN/I-Debit/Amazon Pay /202008061622/021901052535/"
  Assets:IciciBank:Kali                            -2000.00 INR
    Assets:Household:Amazon:Pay
2020-08-10 * "MPS/Thalinjai Z/202008101432/956059/Pondicher"
  Assets:IciciBank:Kali                             -286.00 INR
    Expenses:Transport:Fuel:Ray
2020-08-11 * "IIN/I-Debit/Amazon Pay /202008111149/022402177345/"
  Assets:IciciBank:Kali                            -1200.00 INR
    Assets:Household:Amazon:Pay
2020-08-11 * "IIN/I-Debit/Amazon Pay /202008111202/022405177215/"
  Assets:IciciBank:Kali                             -100.00 INR
    Assets:Household:Amazon:Pay
; 2020-08-11 * "MPS/Sri Ranga a/202008111515/437876/Pondicher"
;  Assets:IciciBank:Kali                                                           -607.00 INR
;    Expenses:Utilities:Gas
2020-08-13 * "NFS/00900035/Cash WDL/13-08-20"
  Assets:IciciBank:Kali                           -10000.00 INR
    Assets:Household:Cash:Prabu
2020-08-14 * "MCD Ref Thalinjai Dt 200810"
  Assets:IciciBank:Kali                                2.15 INR
    Expenses:Transport:Fuel:Ray

;2020-08-14 * "MPS/Sri Narasus/202008141750/000348/Pondicher"
;  Assets:IciciBank:Kali                                                           -288.00 INR
;    Expenses:Food:Groceries
;2020-08-14 * "MPS/Green Baske/202008141805/055595/Pattukann"
;  Assets:IciciBank:Kali                                                           -575.20 INR
;    Expenses:Food:Groceries
;2020-08-14 * "MPS/SARAVANAN v/202008141825/001757/Pondicher"
;  Assets:IciciBank:Kali                                                           -346.00 INR
;    Expenses:Food:Vegetables
;2020-08-14 * "MPS/NEW NITHIYA/202008141829/000230/Pondicher"
;  Assets:IciciBank:Kali                                                           -302.00 INR
;    Expenses:Food:Groceries
2020-08-17 * "MPS/Thalinjai Z/202008170949/879509/Pondicher"
  Assets:IciciBank:Kali                             -250.00 INR
    Expenses:Transport:Fuel:Ray
2020-08-18 * "Bil/Onl/002054986918/Tamilnadu /02435002418t304"
  Assets:IciciBank:Kali                             -470.00 INR
    Expenses:Utilities:Electricity
2020-08-18 * "Bil/Onl/002054987868/Tamilnadu /02435002419t304"
  Assets:IciciBank:Kali                             -470.00 INR
    Expenses:Utilities:Electricity
2020-08-21 * "MCD Ref Thalinjai Dt 200817"
  Assets:IciciBank:Kali                                1.88 INR
    Expenses:Transport:Fuel:Ray
;2020-08-24 * "MPS/Sri Ranga a/202008241609/937867/Pondicher"
;  Assets:IciciBank:Kali                                                           -607.00 INR
;    Expenses:Utilities:Gas
;2020-08-24 * "MPS/v S T Silks/202008241748/002745/Pondicher"
;  Assets:IciciBank:Kali                                                          -1122.00 INR
;    Expenses:Clothes
;2020-08-24 * "MPS/Thaneegai T/202008241829/000614/Pondicher"
;  Assets:IciciBank:Kali                                                          -1620.00 INR
;    Expenses:Food:Groceries
;2020-08-26 * "MPS/Pradhan Man/202008261730/001579/Pondicher"
;  Assets:IciciBank:Kali                                                           -143.00 INR
;    Expenses:Medical:Medicine
;2020-08-27 * "Ips/Akshaya Ent/202008271613/000000005878/Pondiche"
;  Assets:IciciBank:Kali                                                           -270.00 INR
;    Expenses:Transport:Fuel:Ray
2020-08-28 * "Surcharge Dt:27/08/20 MCC 5541"
  Assets:IciciBank:Kali                               -1.27 INR
    Expenses:Transport:Fuel:Ray
2020-08-31 * "MPS/Thalinjai Z/202008311732/850789/Pondicher"
  Assets:IciciBank:Kali                             -200.00 INR
    Expenses:Transport:Fuel:Star
2020-09-01 * "IIN/I-Debit/Amazon     /202009012108/024513021880/"
  Assets:IciciBank:Kali                            -2000.00 INR
    Assets:Household:Amazon:Pay
2020-09-01 * "IIN/I-Debit/Amazon     /202009012118/024506022262/"
  Assets:IciciBank:Kali                              -65.20 INR
    Expenses:Food:Groceries
2020-09-02 * "MPS/Sembaruthi /202009021115/251929/Chennai" "amma -Zacy MR 4mg"
  Assets:IciciBank:Kali                             -153.00 INR
    Expenses:Medical:Medicine
** Prabu Bank Txn
*** 2020-07
;;Imported Transactions from Icicibank:Prabu are reflected here


2020-07-07 * "UPI/018912397748/Pay/billdesk@hdfcba/" "#Aniruth"
  Assets:IciciBank:Prabu                             -25450 INR
    Expenses:Education:Fees

2020-07-07 * "UPI/018912404881/Pay/billdesk@hdfcba/" "#Aadhirai"
  Assets:IciciBank:Prabu                             -17550 INR
    Expenses:Education:Fees

2020-07-14 * "Neft-N196201186553995-D Mohanakrishnan-Prasanna-18" ""
  Assets:IciciBank:Prabu                               1000 INR
    Expenses:Gift:Relatives

; lenskart  VC E11058 C1 Reading glass(+1) Black ID:127060
2020-07-24 * "UPI/020660884744/Collect Request/Payupayments@yb/Y" ""
  Assets:IciciBank:Prabu                            -446.88 INR
    Expenses:Medical:Medicine

; "UPI/021020173036/You Are Paying/Amazon@apl/Axis Ba" ""
2020-07-28 * "Dabur Almond Oil 500ml Amazon" ""
  Assets:IciciBank:Prabu                               -210 INR
    Expenses:Toiletries

; UPI/021706231024/You Are Paying/Amazon@apl/Axis Ba
2020-08-04 * "Amazon for prasanna" ""
  Assets:IciciBank:Prabu                            -908.25 INR
    Expenses:Gift:Relatives
*** 2020-08

;2020-08-04 * "UPI/021706231024/You Are Paying/Amazon@apl/Axis Ba" "Duplicate"
;  Assets:IciciBank:Prabu                                                          -908.25 INR

2020-08-10 * "UPI/022320314022/Money to Devana/Arvindharajkala/I"
  Assets:IciciBank:Prabu                            2030.00 INR
    Expenses:Gift:Relatives
2020-08-24 * "MMT/IMPS/023712960613/Farmploughing/Poongvanam/IDI"   #2020CH4
  Assets:IciciBank:Prabu                           -3805.90 INR
    Expenses:Farm:Land:Ploughing
        Expenses:Financial:Fees 5.90

2020-08-26 * "BIL/INFT/002059464091/FarmTNPLSapling/            "
  Assets:IciciBank:Prabu                           19000.00 INR
    Assets:IciciBank:Jeeva
2020-08-27 * "MMT/IMPS/024014068703/Prabuanand K Ti/Tamilnadu /K"   #2020CH4
  Assets:IciciBank:Prabu                          -21005.90 INR
    Expenses:Farm:Planting:Seed
        Expenses:Financial:Fees 5.90
2020-08-27 * "MMT/IMPS/024014076000/Prabuanand K Ti/Tamilnadu /K"   #2020CH4
  Assets:IciciBank:Prabu                           -1505.90 INR
    Expenses:Farm:Planting:Seed
       Expenses:Financial:Fees                                                        5.90
;2020-08-29 * "UPI/024218002421/NA/paytmqr28100505/" "duplicate"
;  Assets:IciciBank:Prabu                                                           -42.00 INR
;    Expenses:Food:Groceries
;2020-08-30 * "UPI/024317240690/NA/paytmqr28100505/" "duplicate"
;  Assets:IciciBank:Prabu                                                          -284.79 INR
;    Expenses:Food:Groceries
;2020-08-30 * "UPI/024317284725/NA/paytmqr28100505/""duplicate"
;  Assets:IciciBank:Prabu                                                           -44.95 INR
;    Expenses:Food:Groceries
2020-08-31 * "UPI/024418006621/NA/gpay-1117111364/" "Star 3rd party insurance"
  Assets:IciciBank:Prabu                            -987.00 INR
    Expenses:Transport:Star:Insurance
2020-09-01 * "NFS/S1acmd99/Cash WDL/01-09-20                    "
  Assets:IciciBank:Prabu                           -6000.00 INR
    Assets:Household:Cash:Prabu
2020-09-01 * "VPS/Pradhan Man/202009020015/024518383759/Pondiche" "tablets for amma & naina"
  Assets:IciciBank:Prabu                            -252.00 INR
    Expenses:Medical:Medicine
2020-09-01 * "Neft-N245201231042849-D Mohanakrishnan-Prasanna-18"
  Assets:IciciBank:Prabu                            2000.00 INR
    Expenses:Gift:Relatives

** Jeeva Bank Txn

*** 2020-07
;;Imported Transactions from Icicibank:Jeeva are reflected here

** Amazon Pay Txn

;2020-09-01  *   "Amazon pay top up"
;    Assets:Household:Amazon:Pay                                                                2000 INR
;        Assets:IciciBank:Kali
2020-09-01  *   "Cashback for Order ID: 407-2175557-2161140"
    Assets:Household:Amazon:Pay                                150.01 INR
         Income:Amazon:Cashback


* Cash Transactions
; All cash transactions are manually recorded here.. Some bank transactions may
;get manually entered, but they need to be de-duped when the corresponding transactions
; are imported from bank statement.
** 2020
*** 2020-05
2020-05-28 * "HDFC Ergo" "Ray insurance 2312100208318201001 From 03 Jul, 2020 00:01 hrs to To 02 Jul, 2023 Midnight"
  Expenses:Transport:Ray:Insurance                               3153 INR
  Assets:IciciBank:Prabu

*** 2020-07
;; Manual Transactions from Household:Cash are reflected here

2020-07-01  *   "Intialize Account for beancount"
    Assets:Household:Cash:Cashbox                       980 INR
    Assets:Household:Cash:Kali                          150 INR
    Assets:Household:Cash:Prabu                        5407 INR
    Equity:Opening-Balances

2020-07-01  *   "ponlait 5 days"    ""
    Expenses:Food:Milk                                  550 INR
        Assets:Household:Cash:Kali
;missing or unaccounted money corrected from                                          1072 to 229 as 773
;was found excess as per Notings on 2020-08-04
2020-07-02  *  "missing or unaccounted money corrected from 1072 to 299"
    Expenses:Unaccounted                                299 INR
        Assets:Household:Cash:Prabu
2020-07-02  * "Cash given for household expenses by Prabu" ""
    Assets:Household:Cash:Prabu                       -2000 INR
        Assets:Household:Cash:Cashbox
2020-07-02  *   "Naina paste KNS Namboodiri"    ""
    Expenses:Toiletries                                  86 INR
        Assets:Household:Cash:Kali
2020-07-02  *   "brinjal, sorakkai"
    Expenses:Food:Vegetables                             60 INR
        Assets:Household:Cash:Prabu
2020-07-02  *   "kabasura kudineer110, septil tablet 140"
    Expenses:Medical:Medicine                           244 INR
        Assets:Household:Cash:Prabu
2020-07-02  *   "cycle repair"  ""
    Expenses:Transport:Cycle                             10 INR
        Assets:Household:Cash:Kali
2020-07-03  *  "carrot, beans, seppakizhangu, potato, cabbage, brinjal, chilli"
    Expenses:Food:Vegetables                            300 INR
        Assets:Household:Cash:Prabu
2020-07-03  *   "Garbage collection"    ""
    Expenses:Utilities:Garbagecollection                100 INR
        Assets:Household:Cash:Jeeva
2020-07-04  *   "Onion" ""
    Expenses:Food:Vegetables                             50 INR
        Assets:Household:Cash:Jeeva
2020-07-04  *   "Marie Biscuits"    ""
    Expenses:Food:Groceries                              50 INR
        Assets:Household:Cash:Jeeva
2020-07-04  *   "Banana"    ""
    Expenses:Food:Fruits                                 35 INR
        Assets:Household:Cash:Kali
2020-07-06  *   "Ponlait 5 days"    ""
    Expenses:Food:Milk                                  550 INR
        Assets:Household:Cash:Kali
2020-07-08  *   "Papaya"    ""
    Expenses:Food:Fruits                                 50 INR
        Assets:Household:Cash:Kali
2020-07-08  *   "Maid Meena salary 5 of 5 repayment"    ""
    Expenses:Utilities:Maid                               0 INR
        Assets:Household:Cash
2020-07-08  *   "Aniruth Slipper Adv"
    Expenses:Clothes                                    400 INR
        Assets:Household:Cash:Prabu
2020-07-09  *   "sunflower oil, vvd, thangam"
    Expenses:Food:Groceries                             723 INR
        Assets:Household:Cash:Prabu
2020-07-09  *   "Kolamavu"  ""
    Expenses:Toiletries                                  50 INR
        Assets:Household:Cash:Jeeva
2020-07-11  *   "Matchbox"  ""
    Expenses:Toiletries                                  10 INR
        Assets:Household:Cash:Jeeva
2020-07-10  *   "Drumstick" ""
    Expenses:Food:Vegetables                             10 INR
        Assets:Household:Cash:Jeeva
2020-07-11  *   "Ponlait for 5 days"    ""
    Expenses:Food:Milk                                  550 INR
        Assets:Household:Cash:Kali
2020-07-11  *   "Vinayagar temple"  ""
    Expenses:Gift:God                                    50 INR
        Assets:Household:Cash:Jeeva
2020-07-13  *   "Treatment for Varalakshmi Athai at Rani Hospital" ""
    Expenses:Gift:Relatives 610
        Assets:Household:Cash:Prabu
2020-07-13  *   "small onion 3kg"   ""
    Expenses:Food:Vegetables                            100 INR
        Assets:Household:Cash:Prabu
2020-07-13  *   "Aadhirai Basketball"
     Expenses:Entertainment:Sports                      550 INR
        Assets:Household:Cash:Prabu
2020-07-13  *   "parata"
    Expenses:Food:Groceries                             120 INR
        Assets:Household:Cash:Prabu
2020-07-13  *  "Manikandan Bakery" "Samosa"
    Expenses:Food:Chat                                   48 INR
        Assets:Household:Cash:Prabu
2020-07-13  *   "bread"
    Expenses:Food:Groceries                              25 INR
    Assets:Household:Cash:Prabu
2020-07-14  *   "Flour milling - Chilli powder" ""
    Expenses:Food:Groceries                             100 INR
        Assets:Household:Cash:Kali
2020-07-14  *   "Marie Biscuit" ""
    Expenses:Food:Groceries                              70 INR
        Assets:Household:Cash:Jeeva
2020-07-14  *   "Tomato, Potato, onion" ""
    Expenses:Food:Vegetables                             45 INR
        Assets:Household:Cash:Jeeva
2020-07-14  *   "Salt"  ""
    Expenses:Food:Groceries                              40 INR
        Assets:Household:Cash:Jeeva
2020-07-14  *   "paste jeeva"   ""
    Expenses:Toiletries                                  10 INR
        Assets:Household:Cash:Jeeva
2020-07-15  *   "Onion 3kg" ""
    Expenses:Food:Vegetables                             50 INR
        Assets:Household:Cash:Jeeva
2020-07-15  *   "Cash given for household expenses by Prabu"   ""
    Assets:Household:Cash:Prabu                       -4400 INR
        Assets:Household:Cash:Cashbox
2020-07-15  *   "Aniruth slipper final payment"
    Expenses:Clothes                                    500 INR
        Assets:Household:Cash:Prabu
2020-07-15  *   "aniruth mobile new sim jio +91 8838818224"
    Expenses:Communication                              300 INR
        Assets:Household:Cash:Prabu
2020-07-16  *   "Naina ENT checkup DrShanmuganathan"
    Expenses:Medical:Consultation                       200 INR
        Assets:Household:Cash:Prabu
2020-07-16  *   "Aadhirai birthday cake"
    Expenses:Food:Chat                                   75 INR
        Assets:Household:Cash:Prabu
2020-07-16  *   "Ponlait 5 days"    ""
    Expenses:Food:Milk                                  550 INR
        Assets:Household:Cash:Kali
2020-07-16  *   "Cauliflower, chilli"   ""
    Expenses:Food:Vegetables                             50 INR
        Assets:Household:Cash:Jeeva
2020-07-16  *   "Soap"  ""
    Expenses:Toiletries                                  20 INR
        Assets:Household:Cash:Jeeva
2020-07-17  *   "Greens"    ""
    Expenses:Food:Vegetables                             15 INR
        Assets:Household:Cash:Jeeva
2020-07-18  *   "Aniruth Friends birthday Anna, Srivatsava"
    Expenses:Gift:Friends                               250 INR
        Assets:Household:Cash:Prabu
2020-07-19 *    "Cauliflower, vazhakkai,nookol" ""
    Expenses:Food:Vegetables                             60 INR
        Assets:Household:Cash:Jeeva
2020-07-20  *   "Naveen 20, navneeth biscuits"  ""
    Expenses:Gift:Friends                                30 INR
    Expenses:Gift:Relatives                              30 INR
        Assets:Household:Cash:Jeeva
2020-07-20  *  "Tomato, malli"  ""
    Expenses:Food:Vegetables                             22 INR
        Assets:Household:Cash:Jeeva
2020-07-20  *   "Indane" "Gas cylinder"
    Expenses:Utilities:Gas                              640 INR
        Assets:Household:Cash:Jeeva
2020-07-21  *   "Ponlait 5 days"    ""
    Expenses:Food:Milk                                  550 INR
        Assets:Household:Cash:Kali
2020-07-21  *   "Keerai, drumstick"    ""
    Expenses:Food:Vegetables                             25 INR
        Assets:Household:Cash:Jeeva
2020-07-21  *   "Vazhapoo,bottlegourd"
    Expenses:Food:Vegetables                             30 INR
        Assets:Household:Cash:Prabu
2020-07-21  *   "papaya"
    Expenses:Food:Fruits                                 65 INR
        Assets:Household:Cash:Prabu
2020-07-21  *   "Prabu eye checkup  Arvind citycentre, mask10"
    Expenses:Medical:Consultation                       100 INR
    Expenses:Medical:Medicine                            10 INR
        Assets:Household:Cash:Prabu
2020-07-21  *   "Ding Dong calling bell"
    Expenses:Capex                                      120 INR
        Assets:Household:Cash:Prabu
2020-07-21  *   "Washing machine Decal50, filter 50"
    Expenses:Toiletries                                 100 INR
        Assets:Household:Cash:Prabu
2020-07-21  *   "cycle nut for break"
    Expenses:Transport:Cycle                             20 INR
        Assets:Household:Cash:Prabu
2020-07-21  *   "Venkateswara" "snacks"
    Expenses:Food:Chat  130
        Assets:Household:Cash:Prabu
2020-07-21  *   "Pori, marie biscuits"
    Expenses:Food:Groceries 50
        Assets:Household:Cash:Prabu
2020-07-22  *   "ponlait"   ""
    Expenses:Food:Milk                                   22 INR
        Assets:Household:Cash:Kali
2020-07-22  *   "Banana"    ""
    Expenses:Food:Fruits                                 50 INR
        Assets:Household:Cash:Kali
2020-07-23  *   "Bread, bun"
    Expenses:Food:Chat                                   75 INR
        Assets:Household:Cash:Prabu
2020-07-23  *   "Bangle"
    Expenses:Clothes    20
        Assets:Household:Cash:Prabu
2020-07-23  *   "Naina ENT medical checkup followup"
    Expenses:Medical:Consultation   200
        Assets:Household:Cash:Prabu
2020-07-23  *   "Premier Cooker Whistle replaced to Butterfly - Murugan Steel house"
    Expenses:Capex                                      110 INR
        Assets:Household:Cash:Prabu
2020-07-25  *   "Garlic 1kg"    ""
    Expenses:Food:Groceries                             140 INR
        Assets:Household:Cash:Jeeva
2020-07-25  *   "Tomato"    ""
    Expenses:Food:Vegetables    50
        Assets:Household:Cash:Jeeva
2020-07-25  *   "Nonbu kayiru"  ""
    Expenses:Gift:God                                    30 INR
        Assets:Household:Cash:Jeeva
2020-07-25  *   "Distilled water for Invatubular"
    Expenses:Utilities:Electricity                       30 INR
        Assets:Household:Cash:Prabu

2020-07-26  *   "ponlait 6 days"    ""
    Expenses:Food:Milk                                  660 INR
    Assets:Household:Cash:Kali
2020-07-29  *   "pomogranate50, mango, grapes" ""
  Expenses:Food:Fruits                                   80 INR
  Assets:Household:Cash:Kali
2020-07-29  *   "Cauliflower, ladies finger, ginger,carrotbeans"    ""
    Expenses:Food:Vegetables                            110 INR
    Assets:Household:Cash:Jeeva
2020-07-29  *   "Bisuits"   ""
    Expenses:Food:Groceries                              40 INR
    Assets:Household:Cash:Jeeva
2020-07-30  * "snacks opp to Traffic police station - Mama death"
    Expenses:Gift:Relatives                             160 INR
        Assets:Household:Cash:Prabu
2020-07-31  *   "Onion, Potato" ""
    Expenses:Food:Vegetables                            100 INR
    Assets:Household:Cash:Jeeva
2020-07-31  *   "milk extra ponlait"    ""
    Expenses:Food:Milk                                  110 INR
    Assets:Household:Cash:Kali
2020-07-31  *   "coffee BRU"    ""
    Expenses:Food:Groceries                              70 INR
    Assets:Household:Cash:Jeeva

*** 2020-08
; Transactions for the Month of Aug'20 begins here

2020-08-01  *   "Ponlait 5 days + 1 extra day"
    Expenses:Food:Milk                                  660 INR
        Assets:Household:Cash:Kali
2020-08-03  *   "Garbage collection"
    Expenses:Utilities:Garbagecollection                100 INR
        Assets:Household:Cash:Jeeva
2020-08-03  *   "Drumstick"
    Expenses:Food:Vegetables    10
        Assets:Household:Cash:Jeeva
2020-08-04  *   "Narasus Tea500g 105, coffee50g68, coffee200g 115"
    Expenses:Food:Groceries                             288 INR
    Assets:Household:Cash:Prabu
2020-08-04  *   "Papaya 2kg"
    Expenses:Food:Fruits                                 50 INR
    Assets:Household:Cash:Prabu
2020-08-04  *   "Yam1.35kg30,seppa1kg45,brinjal2x20,kovai1x10,chowchow1x20,potato1x35"
    Expenses:Food:Vegetables                            190 INR
    Assets:Household:Cash:Prabu
2020-08-04  *   "SFSonic Battery Model: FSQ0-SQ1440-TZ5L-B S/No:M6G0M027878  JKR Batteries"
    Expenses:Transport:Ray:Repairs                     1200 INR
    Assets:Household:Cash:Prabu
2020-08-04  *   "Devanathan Mama Death - Saree for Varalakshmi Athai - Seer from parents"
    Expenses:Gift:Relatives                            2000 INR
    Assets:Household:Cash:Prabu

2020-08-04  *   "Dinner at Auroville with friends Aniruth 30-Jul-2020"
    Expenses:Food:Chat                                  100 INR
        Assets:Household:Cash:Aniruth

2020-08-04  *   "Cycle repair"
    Expenses:Transport:Cycle                             10 INR
        Assets:Household:Cash:Kali

2020-08-04  *   "Medicine for Sneezing - Aniruth bought"
    Expenses:Medical:Medicine                           200 INR
        Assets:Household:Cash:Prabu

2020-08-04  *  "Adjusting for money spent by Kali"
        Assets:Household:Cash:Kali                     4473 INR
        Assets:Household:Cash:Cashbox INR

2020-08-04  *  "Adjusting for money spent by Jeeva"
       Assets:Household:Cash:Jeeva                     2251 INR
        Assets:Household:Cash:Cashbox

2020-08-01  *  "Adjusting for money in Hand - Backup"
    Equity:Opening-Balances                              -6 INR
        Assets:Household:Cash:Aadhirai

2020-08-04  *  "Adjusting for spent by Aniruth"
        Assets:Household:Cash:Cashbox                  -100 INR
        Assets:Household:Cash:Aniruth

2020-08-01  *  "ponlait 5 days x22x5 + one 110"
    Expenses:Food:Milk                                  660 INR
        Assets:Household:Cash:Cashbox

2020-08-03  * "amazon coffeec356.25"
    Expenses:Gift:Relatives                          356.25 INR
    Assets:IciciBank:Kali                           -356.25 INR

2020-08-03  * "garbage"
    Expenses:Utilities:Garbagecollection                100 INR
    Assets:Household:Cash:Cashbox     INR

2020-08-03  *   "drumstick 10"
    Expenses:Food:Vegetables                             10 INR
        Assets:Household:Cash:Cashbox

2020-08-04  *   "naina cycle 10"
    Expenses:Transport:Cycle                             10 INR
        Assets:Household:Cash:Cashbox

2020-08-04  *   "tissue paper 30, tablets 32"
    Expenses:Medical:Medicine                            62 INR
        Assets:Household:Cash:Cashbox

;;balance of                                                                           798 found in cashbox. as per account -286 was there. So
;;the difference                                                                      1084 should have come from Prabu. So making a transfer to adjust this.

2020-08-04  * "cash adjustment for past household expenses by Prabu"
    Assets:Household:Cash:Prabu                       -1084 INR
        Assets:Household:Cash:Cashbox

2020-08-05  * "cash given for household expenses by Prabu"
    Assets:Household:Cash:Prabu                       -3000 INR
        Assets:Household:Cash:Cashbox

2020-08-05  *   "Air checkup, break adjustment, front bezel fixing "
    Expenses:Transport:Fuel:Star                         20 INR
        Assets:Household:Cash:Prabu

!2020-08-04  *   "Diaper 780, cinthol soap 128.25" #prasanna
!    Expenses:Gift:Relatives                         908.25 INR
!        Assets:IciciBank:Prabu

;Balances as on date 2020-08-04 17:00Hrs

;2020-08-04 pad  Assets:Household:Cash:Cashbox   Expenses:Unaccounted
;2020-08-04 pad  Assets:Household:Cash:Prabu   Expenses:Unaccounted
;2020-08-05  balance    Assets:Household:Cash:Prabu                                   6272 INR
2020-08-05  balance    Assets:Household:Cash:Cashbox    798 INR
2020-08-05  balance    Assets:Household:Cash:Jeeva      174 INR

2020-08-06  *   "Pine apple 4 for 100, Green banana 1kg-20"
    Expenses:Food:Fruits                                120 INR
        Assets:Household:Cash:Prabu

2020-08-06  *   "Clothes fixing - paikadai street"
    Expenses:Clothes                                     70 INR
        Assets:Household:Cash:Prabu

2020-08-06  *   " face Mask"
    Expenses:Clothes                                     20 INR
        Assets:Household:Cash:Prabu

2020-08-06  *   "Amazon pearl&beautydeo111,noodles268,chocochip192,salt75,oil518,prestol378"
    Expenses:Toiletries                                 489 INR
    Expenses:Food:Groceries                            1053 INR
    Assets:Household:Amazon:Pay

2020-08-06  *   "amazon cashback "
    Assets:Household:Amazon:Pay                                500.11 INR
        Income:Amazon:Cashback

2020-08-06  *   "ponlait 5 days to account for returned milk"
    Expenses:Food:Milk                                  440 INR
        Assets:Household:Cash:Cashbox

2020-08-06  *   "ration items"
    Expenses:Food:Groceries                             363 INR
        Assets:Household:Cash:Cashbox

2020-08-06  * "naina hair cutting"
    Expenses:Toiletries                                  90 INR
        Assets:Household:Cash:Cashbox

2020-08-08  *   "ponlait 3 nos"
    Expenses:Food:Milk                                   67 INR
    Assets:Household:Cash:Cashbox

2020-08-08  *   "biscuits, malli"
    Expenses:Food:Groceries                              15 INR
        Assets:Household:Cash:Cashbox

2020-08-10  *   "ST Courier charges 63201228521. Data card to Gokul"
    Expenses:Gift:Relatives                              30 INR
        Assets:Household:Cash:Prabu

2020-08-10  *   "milk 3x22"
    Expenses:Food:Milk                                   66 INR
    Assets:Household:Cash:Cashbox

2020-08-10  *   "urulai, tomato, 63"
    Expenses:Food:Vegetables                             63 INR
        Assets:Household:Cash:Cashbox

2020-08-10  *   "paracetamol"
    Expenses:Medical:Medicine                            40 INR
        Assets:Household:Cash:Cashbox

2020-08-10  *   "paste 20"
    Expenses:Toiletries                                  20 INR
        Assets:Household:Cash:Cashbox

2020-08-10  * "biscuits"
    Expenses:Food:Groceries                              40 INR
        Assets:Household:Cash:Cashbox

2020-08-10  *  "soda"
    Expenses:Food:Chat                                   15 INR
        Assets:Household:Cash:Cashbox

2020-08-10  *   "tneb bill card 20"
    Expenses:Utilities:Electricity                       20 INR
        Assets:Household:Cash:Cashbox

2020-08-10  *   "Cough syrup at JanAushadhi"
    Expenses:Medical:Medicine                            40 INR
        Assets:Household:Cash:Prabu

2020-08-10  *   "Napkin choice Regular wings"
    Expenses:Toiletries                                  84 INR
        Assets:Household:Cash:Prabu

2020-08-10  *   "banana poovan 1 pack 30"
    Expenses:Food:Fruits                                 30 INR
        Assets:Household:Cash:Prabu

2020-08-10  *   "elladai from street vendor"
    Expenses:Food:Chat                                   20 INR
        Assets:Household:Cash:Prabu

; Found                                                                                 10 note and 2 coins in study table and books
2020-08-10  balance Assets:Household:Cash:Aadhirai       18 INR


2020-08-11  *   "Amazon napkin 234, atta 438,digestive218,chocochips192,Axe423.97,Cinthol444.26"
    Expenses:Toiletries                                 234 INR
    Expenses:Food:Groceries                             848 INR
    Expenses:Gift:Relatives                          964.26 INR
    Assets:Household:Amazon:Pay

2020-08-11  *  "Indane""Gas cylinder delivery. Cash payment"
    Expenses:Utilities:Gas  637
    Assets:IciciBank:Kali   -607
    Assets:Household:Cash:Prabu  INR

2020-08-11  *   "milk 8x22 176"
    Expenses:Food:Milk                                  176 INR
        Assets:Household:Cash:Cashbox

2020-08-13  *   "milk 220, medicine 140"    #prasanna
    Expenses:Gift:Relatives                             360 INR
        Assets:Household:Cash:Prabu
2020-08-13  *   "Rajakrishnan Varisai for Devanathan Mama kariyam. Money rcvd on 2020-08-10"
    Assets:Household:Cash:Prabu                       -2000 INR
        Expenses:Gift:Relatives
2020-08-13  *   "money given to prasanna for sambanthi tiffin"
    Expenses:Gift:Relatives                             600 INR
        Assets:Household:Cash:Prabu
2020-08-13  *   "money for Devanathan Mama Kaariyam"
    Assets:Household:Cash:Prabu                       -2000 INR
        Expenses:Gift:Relatives
2020-08-13  balance Assets:Household:Amazon:Pay                238.19 INR

;2020-08-14  balance Assets:Household:Cash:Prabu                                      7645 INR

2020-08-14 * "milk ponlat 3x23"
    Expenses:Food:Milk                                   69 INR
        Assets:Household:Cash:Prabu
2020-08-14 * "money given to Aniruth for Kishore birthday - sleepover"
    Assets:Household:Cash:Aniruth                       150 INR
        Assets:Household:Cash:Prabu
2020-08-14 * "Chocolate for Kishore birthday "
    Expenses:Gift:Friends                               100 INR
        Assets:Household:Cash:Aniruth
2020-08-14 * "used for filling petrol in Logesh bike"
    Expenses:Gift:Friends                                50 INR
        Assets:Household:Cash:Aniruth
2020-08-14  *   "milky mist fresh cream milk 200ml"
    Expenses:Food:Groceries                              59 INR
        Assets:Household:Cash:Prabu
2020-08-14  * "Narasus 200g extra strong+50g pure + tea500g"
    Expenses:Food:Groceries                             288 INR
        Assets:IciciBank:Kali
2020-08-14  * "Paneer 500g, cheddar cheese 500g, corn, bread vijayaganapathy"
    Expenses:Food:Groceries                          575.20 INR
    Assets:IciciBank:Kali
2020-08-14  * "carrot, beans,onion2kg, tomato1.5kg,potato1/2kg,capsicum, muschroom90+40"
    Expenses:Food:Vegetables                            346 INR
        Assets:IciciBank:Kali
2020-08-14  * "Macroni 500gx2 74, boost 500g 228"
    Expenses:Food:Groceries                             302 INR
        Assets:IciciBank:Kali

2020-08-14  *   "ponlait 10 packetsx22"
    Expenses:Food:Milk                                  220 INR
        Assets:Household:Cash:Cashbox

2020-08-14  *   "tomato 15, malli5"
    Expenses:Food:Vegetables                                                            20
        Assets:Household:Cash:Cashbox

2020-08-14  *   "milk 23x3"
    Expenses:Food:Milk  69
        Assets:Household:Cash:Cashbox

2020-08-15  *   "milk 10x22"
    Expenses:Food:Milk                                                                 220
        Assets:Household:Cash:Cashbox

2020-08-15  * "vinayagar temple monthly"
    Expenses:Gift:God                                    50 INR
        Assets:Household:Cash:Prabu

2020-08-16  *   "milk 10x22"
    Expenses:Food:Milk                                                                 220
        Assets:Household:Cash:Cashbox

2020-08-17  *   "milk 10x22"
    Expenses:Food:Milk                                                                 220
        Assets:Household:Cash:Cashbox

2020-08-17  *   "black ball pen"
    Expenses:Education:Stationary                         5 INR
        Assets:Household:Cash:Cashbox

2020-08-17  *   "coconut tree cleaning 400, tea 40, salt50,manjal20"
    Expenses:Utilities:Garden                           510 INR
        Assets:Household:Cash:Prabu

2020-08-17  *   "Dr Sriramulu surgeon visit - Prabu"
    Expenses:Medical:Consultation                       300 INR
        Assets:Household:Cash:Prabu
2020-08-17  *   "corn cap or Grip - Prabu"
    Expenses:Medical:Medicine                            40 INR
        Assets:Household:Cash:Prabu

2020-08-17  *   "milk ponlait 4 packets x23"
    Expenses:Food:Milk                                   92 INR
        Assets:Household:Cash:Prabu

2020-08-18  *   "ponlait 5x22"
    Expenses:Food:Milk                                                                 110
        Assets:Household:Cash:Cashbox

2020-08-19  *   "ponlait 6x22"
    Expenses:Food:Milk                                                                 132
        Assets:Household:Cash:Cashbox

2020-08-19  * "aniruth juice -trip with friends"
    Expenses:Food:Chat  50
        Assets:Household:Cash:Cashbox

2020-08-20  *   "ponlait 6x22x5"
    Expenses:Food:Milk                                                                 660
        Assets:Household:Cash:Cashbox

2020-08-20  *   "maid meena salary installment repayment 1 of 5 "
    Expenses:Utilities:Maid                             200 INR
        Assets:Household:Cash:Cashbox

2020-08-20  *  "bread"
    Expenses:Food:Groceries                              25 INR
        Assets:Household:Cash:Cashbox

2020-08-20  *  "bindhi - jeeva"
    Expenses:Toiletries                                  24 INR
        Assets:Household:Cash:Cashbox

2020-08-21  *   "chow chow 38, onion 73"
    Expenses:Food:Vegetables                            111 INR
        Assets:Household:Cash:Prabu

2020-08-21  *  "Manikandan Bakery" "samosa 8x6INR"
    Expenses:Food:Chat                                   48 INR
        Assets:Household:Cash:Prabu

2020-08-21  *   "Adjusting for money in hand - Jeeva"
    Assets:Household:Cash:Jeeva                        -133 INR
        Assets:Household:Cash:Cashbox

;2020-08-21  pad Assets:Household:Cash:Prabu Expenses:Unaccounted
2020-08-22  balance Assets:Household:Cash:Prabu        6118 INR
2020-08-21  pad Assets:Household:Cash:Cashbox Expenses:Unaccounted
2020-08-22  balance Assets:Household:Cash:Cashbox       178 INR

2020-08-22 *  "money given for household expense"
    Assets:Household:Cash:Prabu                       -3000 INR
        Assets:Household:Cash:Cashbox

2020-08-22 *  "anbarasan inverter wiring for bell & fixing of GF bell, battery"
    Assets:Household:Cash:Prabu                         -20 INR
        Expenses:Consumables

2020-08-23 *  "milk extra"
      Expenses:Food:Milk    22
        Assets:Household:Cash:Cashbox
2020-08-24  * "Indane""Gas cylinder delivery"
    Expenses:Utilities:Gas  637
        Assets:IciciBank:Kali   -607
        Assets:Household:Cash:Prabu
2020-08-24  *   "Cartridge for V7 pilot pen"
    Expenses:Education:Stationary                                                      100
        Assets:Household:Cash:Prabu
2020-08-24  *   "mask 2 Nos"
    Expenses:Medical:Medicine   20
        Assets:Household:Cash:Prabu
2020-08-24  *   "toor00,urad360,kadalai220,Asafoetida,moong,others"
    Expenses:Food:Groceries 1470
        Assets:Household:Cash:Prabu
2020-08-24  *   "Rice Mayur 1300, Idly rice 300"
    Expenses:Food:Groceries 1600
        Assets:IciciBank:Kali   -1620
        Assets:Household:Cash:Prabu
2020-08-24  *   "Clothes for Aadhirai shorts5x64, vest5x86,aniruthpunch3x124" "VST"
    Expenses:Clothes    1122
        Assets:IciciBank:Kali
2020-08-25  *   "biscuits 20,salt 10"
    Expenses:Food:Groceries 30
        Assets:Household:Cash:Cashbox
2020-08-25  *   "bun 20, soda 15"
    Expenses:Food:Chat  35
        Assets:Household:Cash:Cashbox
2020-08-25 *    "malli, tomato"
    Expenses:Food:Vegetables                             30 INR
        Assets:Household:Cash:Cashbox
2020-08-25 *    "banana"
    Expenses:Food:Fruits                                 35 INR
        Assets:Household:Cash:Cashbox
2020-08-26  *   "cycle break shoe Aadhirai"
    Expenses:Transport:Cycle    20
        Assets:Household:Cash:Prabu
2020-08-26  *   "medicine - diclobenz,tablet,gel,keto lotion,shampoo,fluka tabletx2"
    Expenses:Medical:Medicine   143
        Assets:IciciBank:Kali
2020-08-26  *   "milk for 6 days 22x6x5 = 660"
    Expenses:Food:Milk                                  660 INR
        Assets:Household:Cash:Cashbox
2020-08-26  *   "tomato, nukkol 10"
    Expenses:Food:Vegetables                             20 INR
        Assets:Household:Cash:Cashbox
2020-08-25  * "Flour Milling charges"
    Expenses:Utilities:Others                             8 INR
    Assets:Household:Cash:Cashbox
; kali                                                                                1250 +1 1251, home 2260 + coins 78 2338,
;aadhirai                                                                               10 + coins 8 18, ;prabu 1470 + coins 8 1478,
; Jeeva                                                                                 10 + coins 31 41 - matched with holdings

2020-08-27  * "Petrol for Ray"
    Expenses:Transport:Fuel:Ray                         270 INR
    Assets:IciciBank:Kali

2020-08-27  * "jeeva sugar test"
    Expenses:Medical:Diagnostics                         40 INR
    Assets:Household:Cash:Cashbox

2020-08-27  * "cauliflower"
    Expenses:Food:Vegetables                             40 INR
    Assets:Household:Cash:Cashbox

2020-08-27  * "aniruth cycling - juice"
    Expenses:Food:Chat                                   30 INR
    Assets:Household:Cash:Cashbox

2020-08-28  * "bread - UPI"
    Expenses:Food:Groceries                              42 INR
    Assets:IciciBank:Prabu

2020-08-28  * "Tomato"
    Expenses:Food:Vegetables                             25 INR
    Assets:Household:Cash:Prabu

2020-08-29  * "aniruth haircut"
    Expenses:Toiletries                                  90 INR
    Assets:Household:Cash:Cashbox

2020-08-30  *   "ice cream 30+30+20+50x2"
    Expenses:Food:Chat                                  180 INR
    Assets:Household:Cash:Prabu

2020-08-30  *   "kamarkat ginger 12.75, 32.20"
    Expenses:Food:Chat                                44.95 INR
        Assets:IciciBank:Prabu

2020-08-30  *   "aval 34.15, butter 111.55,fennel27,bread 40.85"
    Expenses:Food:Groceries
        Expenses:Toiletries                           44.16 INR
        Assets:IciciBank:Prabu                      -284.79 INR

2020-08-31  *   "ginger 1.25kg @50"
    Expenses:Food:Vegetables                             50 INR
        Assets:Household:Cash:Prabu

2020-08-31  *   "Star nitrogen"
    Expenses:Transport:Fuel:Star                         10 INR
        Assets:Household:Cash:Prabu


*** 2020-09
2020-09-01  *   "milk payment for 5 daysx22x5"
    Expenses:Food:Milk                                  550 INR
        Assets:Household:Cash:Cashbox

2020-09-01  *   "Dr Krishnagopal visit for amma hip & leg pain"
    Expenses:Medical:Consultation                       200 INR
        Expenses:Medical:Diagnostics                    700 INR
            Assets:Household:Cash:Prabu

2020-09-01  *   "Lotus Physiotherapy Clinic" "Physio-theraphy session 1"
    Expenses:Medical:Others                             200 INR
        Assets:Household:Cash:Prabu
        ;Phone:9790217821

2020-09-01  *   "masks for amma & naina"
    Expenses:Medical:Others                              30 INR
        Assets:Household:Cash:Prabu

;2020-09-01  *   "cash withdrawl from Prabu icici"
;    Assets:Household:Cash:Prabu                                                      6000 INR
;    Assets:IciciBank:Prabu

2020-09-01  *   "amazon - oil520x2,chocochipsx2x85,yippeex2x123" #prasanna
    Expenses:Toiletries                                 110 INR
    Expenses:Gift:Relatives                          486.40 INR ;Genteel 240, cinthol 246.4
    Expenses:Food:Groceries
        Assets:Household:Amazon:Pay                          -2052.40 INR

2020-09-01  *   "amazon - luvlap" #prasanna
    Expenses:Gift:Relatives                          401.00 INR
        Assets:Household:Amazon:Pay                           -335.80 INR
        Assets:IciciBank:Kali                        -65.20 INR

2020-09-02  *   "Prabu Haircut"
    Expenses:Toiletries                                  90 INR
        Assets:Household:Cash:Prabu

2020-09-02  *   "Glinil tablet for amma 100Nos"
    Expenses:Medical:Medicine                           100 INR
        Assets:Household:Cash:Prabu

2020-09-02  *   "Physiotheraphy session 2"
    Expenses:Medical:Others                             200 INR
        Assets:Household:Cash:Prabu

2020-09-02  *   "parata 3 packsx40"
    Expenses:Food:Groceries                             120 INR
        Assets:Household:Cash:Prabu

2020-09-02  *   "pant alteration40,bottom20,mat8x15"
    Expenses:Clothes                                    180 INR
        Assets:Household:Cash:Prabu

2020-09-02  * "Vinayaka Bedmart"  "3 Bedsheets 2.3kg,2pillowx30,mat20 "
    Expenses:Clothes                                    670 INR
        Assets:Household:Cash:Prabu

2020-09-02  *  "thangam oil 132, groundnut 102"
    Expenses:Food:Groceries                             234 INR
        Assets:Household:Cash:Prabu

2020-09-02  *  "banana 2kgx20"
    Expenses:Food:Fruits                                 40 INR
        Assets:Household:Cash:Prabu

2020-09-02  *  "TK bloodtest"
    Expenses:Medical:Diagnostics                         40 INR
        Assets:Household:Cash:Cashbox

2020-09-03  *   "tea at Avarapakkam sro office"
    Expenses:Food:Chat                                   20 INR
        Assets:Household:Cash:Prabu

2020-09-03  *   "nan 10 pieces at 45"
    Expenses:Food:Groceries                              45 INR
        Assets:Household:Cash:Prabu

2020-09-03  *   "Physiotheraphy session 3"
    Expenses:Medical:Others                             200 INR
        Assets:Household:Cash:Prabu

2020-09-04  *   " Garbage collection"
    Expenses:Utilities:Garbagecollection                100 INR
        Assets:Household:Cash:Cashbox

2020-09-04  * "Maid meena - new salary 2100. installment repayment 2 of 5"
    Expenses:Utilities:Maid                             100 INR
        Assets:Household:Cash:Cashbox

2020-09-05  *  "Library annual subscription"
   Expenses:Entertainment:Print                          60 INR
    Assets:Household:Cash:Prabu

2020-09-05  *  "banana at Tcbalam kootRoad"
    Expenses:Food:Fruits                                 40 INR
        Assets:Household:Cash:Prabu

2020-09-05  *  "ray petrol"
    Expenses:Transport:Fuel:Ray                      304.15 INR
        Assets:IciciBank:Kali

2020-09-05  *  "Venkateswara" "snacks"
    Expenses:Food:Chat                                  225 INR
        Assets:Household:Cash:Prabu

2020-09-05  *  "bread"
    Expenses:Food:Groceries                              41 INR
        Assets:IciciBank:Kali

2020-09-05  * "biscuits 20"
    Expenses:Food:Groceries                              20 INR
        Assets:Household:Cash:Cashbox

2020-09-05  * "soda"
    Expenses:Food:Chat                                   15 INR
        Assets:Household:Cash:Cashbox

2020-09-05  *  "vegetables"
    Expenses:Food:Vegetables                             26 INR
        Assets:Household:Cash:Cashbox

2020-09-06 balance  Assets:Household:Cash:Prabu        3859 INR
2020-09-06 balance  Assets:Household:Cash:Aadhirai       18 INR

2020-09-06  * "milk payment for 5 daysx22x5"
    Expenses:Food:Milk                                  550 INR
        Assets:Household:Cash:Cashbox

2020-09-07  *   "Physiotheraphy session 4"
    Expenses:Medical:Others                             200 INR
        Assets:Household:Cash:Prabu

2020-09-07  *   "carrot, beans, beetroot, pidikarunai, onion,tomato"
    Expenses:Food:Vegetables                            210 INR
        Assets:Household:Cash:Prabu

2020-09-07  *   "Manikandan Bakery" "samosa"
    Expenses:Food:Chat                                   50 INR
        Assets:Household:Cash:Prabu

2020-09-08  *   "Poles from David appa - Babu mason"
    Expenses:Utilities:Garden                           300 INR
        Assets:Household:Cash:Prabu

2020-09-08  *   "Aadhirai BSNL Mobile recharge 9442058232 - UPI Payment"
    Expenses:Communication                               95 INR
        Assets:IciciBank:Prabu

2020-09-08  *   "Handle for hoe - carpenter"
    Expenses:Utilities:Garden                           100 INR
        Assets:Household:Cash:Prabu

2020-09-08  *   "Physiotheraphy session 5"
    Expenses:Medical:Others                             200 INR
        Assets:Household:Cash:Prabu

2020-09-08  * "drumstick"
    Expenses:Food:Vegetables                             10 INR
        Assets:Household:Cash:Cashbox

2020-09-09  *   "Jhanvi Birthday gift"
    Expenses:Gift:Relatives                             200 INR
        Assets:Household:Cash:Prabu

2020-09-10  *   "Physiotheraphy session 6"
    Expenses:Medical:Others                             200 INR
        Assets:Household:Cash:Prabu

2020-09-10  *   "Ball point pen - black"
    Expenses:Education:Stationary                        10 INR
        Assets:Household:Cash:Prabu

2020-09-10  *   "Narasus Instant Extra Strong 200g [Coffee:Chicory::60:40], Pure instant 50g"
    Expenses:Food:Groceries                             183 INR
        Assets:IciciBank:Kali

2020-09-10  * "Transferred money to Cashbox"
    Assets:Household:Cash:Cashbox                      1500 INR
        Assets:Household:Cash:Prabu

2020-09-10  * "Ration shop purchase"
    Expenses:Food:Groceries                             343 INR
        Assets:Household:Cash:Cashbox

2020-09-10  * "milk payment for 5 daysx22x5. Payment made on 2020-09-11"
    Expenses:Food:Milk                                  550 INR
        Assets:Household:Cash:Cashbox
; Actual spend happened on 11th. For balance assertion sake, this has been changed

2020-09-11  balance Assets:Household:Cash:Cashbox      1334 INR
2020-09-11  balance Assets:Household:Cash:Prabu         889 INR
2020-09-11  balance Assets:Household:Cash:Jeeva          41 INR
2020-09-11  balance Assets:Household:Cash:Kali         1251 INR
2020-09-11  balance Assets:Household:Cash:Aadhirai       18 INR

2020-09-11  *   "Info: NFS*S1ACMD99*CA"
    Assets:Household:Cash:Prabu                        6000 INR
        Assets:IciciBank:Kali

2020-09-11  *   "Physiotheraphy session 7"
    Expenses:Medical:Others                             200 INR
        Assets:Household:Cash:Prabu

2020-09-12  *   "capsicum 8, nukkol10,onion40,tomato21,carrot18,ginger13"
    Expenses:Food:Vegetables                            110 INR
        Assets:Household:Cash:Prabu

2020-09-12  *   "Amazon Prime Membership Adv renewal starts on 2020-10-03"
    Expenses:Entertainment:Others                          899 INR
        Assets:IciciBank:Kali

2020-09-13  * "sale of coconuts - Maid Meena"
    Assets:Household:Cash:Cashbox   30
    Expenses:Food:Vegetables

2020-09-15  * "Aval 34 and Bread 41 - UPI Payment"
    Expenses:Food:Groceries                              75 INR
        Assets:IciciBank:Prabu

2020-09-16  * "milk for 5 days- less 2 packets"
    Expenses:Food:Milk                                  506 INR
        Assets:Household:Cash:Cashbox

2020-09-16  * "Medicine for Amma"
    Expenses:Medical:Medicine                            54 INR
        Assets:Household:Cash:Prabu

2020-09-16  * "Physiotheraphy session 8 - only Exercise "
    Expenses:Medical:Others                             150 INR
        Assets:Household:Cash:Prabu

2020-09-16  * "Septilin Tablet 126"
    Expenses:Medical:Medicine                           126 INR
        Assets:Household:Cash:Prabu

2020-09-16  * "Tissue paper 3 packs"
    Expenses:Toiletries                                  90 INR
        Assets:Household:Cash:Prabu

2020-09-16  * "Bread"
    Expenses:Food:Groceries                              25 INR
        Assets:Household:Cash:Prabu

2020-09-19  * "Kezhvaragu"
    Expenses:Food:Groceries                              50 INR
        Assets:Household:Cash:Cashbox

2020-09-19  * "Body scrub 10, tobacco20,neemoil55,sprayer 40"
    Expenses:Toiletries                                 125 INR
        Assets:Household:Cash:Prabu

2020-09-19  * "Bread 42"
    Expenses:Food:Groceries                              42 INR
        Assets:Household:Cash:Prabu

2020-09-19  * "tomato"
    Expenses:Food:Vegetables                             30 INR
        Assets:Household:Cash:Prabu

2020-09-20  * "temple vinayar - monthly"
    Expenses:Gift:God                                    50 INR
        Assets:Household:Cash:Cashbox

2020-09-20  * "Contribution to ThePrint.in magazine"
    Expenses:Gift:Charity                               500 INR
        Assets:IciciBank:Prabu

2020-09-21  * "milk for 5 days"
    Expenses:Food:Milk                                  550 INR
        Assets:Household:Cash:Cashbox

2020-09-21  * "Money transferred to Cashbox"
    Assets:Household:Cash:Cashbox                      3000 INR
        Assets:Household:Cash:Prabu

2020-09-21  * "Pothys" "monthly purchase"
    Expenses:Toiletries                                 235 INR
    Expenses:Food:Groceries                          560.31 INR
    Expenses:Food:Vegetables                            208 INR
    Expenses:Food:Fruits
        Assets:IciciBank:Kali                         -1134 INR
;Scrubber121,agarbathi51,ratpoison17-glue46,urad125,toor110,natsugar50,
;marie29,appalam70,pepper55,dates59,macroni39,rava23.31,
;garlic paste48,chowchow23,onion67,potato41,radish17,pack12
;banana 53,papaya 48, custard apple 19, corn 11

2020-09-21  * "unaccounted money"
    Expenses:Unaccounted                                 10 INR
        Assets:Household:Cash:Prabu

2020-09-22  balance Assets:Household:Cash:Prabu        2927 INR
2020-09-22  balance Assets:Household:Cash:Cashbox      3208 INR

2020-09-22  * "Milk extra"
    Expenses:Food:Milk                                   22 INR
        Assets:Household:Cash:Cashbox

2020-09-22  * "Rat Trap - kill Type"
    Expenses:Utilities:Garden                            60 INR
        Assets:Household:Cash:Prabu

2020-09-22  * "neem oil 140/kg"
    Expenses:Utilities:Garden                           140 INR
        Assets:Household:Cash:Prabu

2020-09-22  * "thangam 124, peanut 2kg 196"
    Expenses:Food:Groceries                             320 INR
        Assets:Household:Cash:Prabu

2020-09-22  * "accelerator cable 240,accessories 114 - labour 200"
    Expenses:Transport:Ray:Repairs                      347 INR
    Expenses:Transport:Ray:Repairs                      200 INR
        Assets:Household:Cash:Prabu

2020-09-23  * "garlic 1kg"
    Expenses:Food:Groceries                             140 INR
        Assets:Household:Cash:Cashbox

2020-09-23  * "chilli 100g & matchbox"
    Expenses:Food:Vegetables                              5 INR
    Expenses:Consumables                                  3 INR
        Assets:Household:Cash:Cashbox

2020-09-23  * "nukkol,cabbage,mint leaf"
    Expenses:Food:Vegetables                             15 INR
        Assets:Household:Cash:Prabu

2020-09-23  * "Banana"
    Expenses:Food:Fruits                                 30 INR
        Assets:Household:Cash:Prabu

2020-09-26  * "milk for 5 days"
    Expenses:Food:Milk                                  550 INR
        Assets:Household:Cash:Cashbox

2020-09-26  * "Kurkure"
    Expenses:Food:Chat                                   10 INR
        Assets:Household:Cash:Prabu

2020-09-26  * "Dinamalar newspaper"
    Expenses:Entertainment:Print                          7 INR
        Assets:Household:Cash:Prabu

2020-09-27  * "ice cream 180+120 at Madugarai - Rambakkam visit"
    Expenses:Food:Chat                                  300 INR
        Assets:Household:Cash:Prabu

2020-09-27  * "gas cylinder washer for rambakkam electrician and prabu"
    Expenses:Consumables                                 30 INR
        Assets:Household:Cash:Prabu

2020-09-28 * "Ram silks" "Aadhirai-1.8mtopssilk522,144,170, Lining80x2,85, bottom340/350 "
    Expenses:Clothes                                   1770 INR
        Assets:IciciBank:Kali                         -1690 INR
        Assets:Household:Cash:Prabu

2020-09-28 * "banana, onion52@1,yam@1.2kg46,rice330,banana53"
    Expenses:Food:Fruits                                 53 INR
    Expenses:Food:Groceries                             330 INR
    Expenses:Food:Vegetables
        Assets:IciciBank:Kali                          -587 INR

2020-09-28 * "banana 20, pudhina 20, curryleaf10"
    Expenses:Food:Fruits                                 20 INR
    Expenses:Food:Vegetables                             30 INR
        Assets:Household:Cash:Prabu

2020-09-28 * "Modern Premium bread 600g@44 nilgris"
    Expenses:Food:Groceries                              44 INR
        Assets:Household:Cash:Prabu

2020-09-30 * "Petrol at Tindivanam"
    Expenses:Transport:Fuel:Ray                         100 INR
        Assets:Household:Cash:Prabu

2020-09-30 * "Loan to Poongavanam for planting cost - atm withdrawl"
    Assets:Poongavanam:Cash                           10000 INR
        Assets:IciciBank:Kali

*** 2020-10

2020-10-01 * "Bread at Mother supermarket"
    Expenses:Food:Groceries                              44 INR
        Assets:Household:Cash:Prabu

2020-10-01  * "milk for 5 days"
    Expenses:Food:Milk                                  550 INR
        Assets:Household:Cash:Cashbox

2020-10-01  * "TNEB Bill payment 02447002284 - old Number 02435002418"
    Expenses:Utilities:Electricity                      281 INR
        Assets:IciciBank:Kali

2020-10-01  * "TNEB Bill payment  02447002285 - old Number 02435002419 "
    Expenses:Utilities:Electricity                       90 INR
       Assets:IciciBank:Kali

2020-10-02  balance Assets:Household:Cash:Cashbox      1938 INR
2020-10-02  balance Assets:Household:Cash:Prabu        1150 INR
2020-10-02  balance Assets:Household:Cash:Jeeva          41 INR
2020-10-02  balance Assets:Household:Cash:Kali         1251 INR
2020-10-02  balance Assets:Household:Cash:Aadhirai       18 INR

2020-10-03  * "amazon pay top-up"
    Assets:Household:Amazon:Pay                                  2012 INR
        Assets:IciciBank:Kali

2020-10-03  * "amazon - dove2*210,atta195,biscuits2x112,yippe3x122.4,chocolates247,surfsoap6x93"
    Expenses:Food:Groceries                          1033.2 INR
    Expenses:Toiletries                                 978 INR
        Assets:Household:Amazon:Pay

2020-10-03  * "amazon pay Cashback"
    Assets:Household:Amazon:Pay                                350.11 INR
        Income:Amazon:Cashback

2020-10-03  * "banana"
    Expenses:Food:Fruits                                 30 INR
        Assets:Household:Cash:Prabu

2020-10-03  * "Petrol for Ray  - Trip to Vanur Library"
    Expenses:Transport:Fuel:Ray                      317.60 INR
        Assets:IciciBank:Kali

2020-10-03  * "Money received in hand from prasanna for sep amazon purchase"#prasanna
    Assets:Household:Cash:Prabu                        1210 INR
    Expenses:Gift:Relatives

2020-10-03  * "Genteel pack 2for1 before discount 240. Others are for prasanna" #prasanna
    Expenses:Toiletries                              222.46 INR
    Expenses:Gift:Relatives                         2228.18 INR
    Assets:IciciBank:Kali                             -1900 INR ; kali amazon a/c
    Assets:IciciBank:Kali                            -79.09 INR ; kali amazon a/c
    Assets:IciciBank:Kali                           -103.48 INR ; coffee in prabu a/c
    Assets:Household:Amazon:Pay                               -350.91 INR
    Income:Amazon:Cashback ; credited to naina amazon pay a/c. Rest of discount shared with prasanna

2020-10-03  * "Garbage collection"
    Expenses:Utilities:Garbagecollection  100INR
        Assets:Household:Cash:Cashbox

2020-10-05  * "tailor Vijayakumari" "tops2x200,alter50,adv 50,chudilining80"
    Expenses:Clothes                                    580 INR
        Assets:Household:Cash:Prabu

2020-10-05  * "Spencer's bread at vijayaganapathy"
    Expenses:Food:Groceries                              38 INR
        Assets:Household:Cash:Prabu

2020-10-05  * "Thangam oil 2x124,vvd124,peanut2x100"
    Expenses:Food:Groceries                             570 INR
        Assets:Household:Cash:Prabu

2020-10-05  * "aval 500g@30"
    Expenses:Food:Groceries                              30 INR
        Assets:Household:Cash:Prabu

2020-10-06  * " milk for 5 days"
    Expenses:Food:Milk                                  550 INR
        Assets:Household:Cash:Cashbox

2020-10-06  * "Amma hand infection - Dr Krithiga lawspet"
    Expenses:Medical:Medicine                           468 INR
    Expenses:Medical:Consultation                       200 INR
        Assets:Household:Cash:Prabu

2020-10-07  * "Maid meena loan 10k installment 3 of 5, salary 2100"
    Expenses:Utilities:Maid                             100 INR
        Assets:Household:Cash:Cashbox

2020-10-08  * "Indane""Gas cylinder delivery"
    Expenses:Utilities:Gas                              640 INR
        Assets:Household:Cash:Cashbox

2020-10-08  * "Ration Items"
    Expenses:Food:Groceries                             343 INR
        Assets:Household:Cash:Cashbox

2020-10-08  * "Greens at Tcbalam"
    Expenses:Food:Vegetables                             15 INR
        Assets:Household:Cash:Prabu

2020-10-08  * "Banana 3kg@50"
    Expenses:Food:Fruits                                 50 INR
        Assets:Household:Cash:Prabu

2020-10-08  * "Venkateswara" "snacks"
    Expenses:Food:Chat                                  185 INR
        Assets:Household:Cash:Prabu

2020-10-08  * "Exide EL 150AH battery s/no:3vl031513243131 Invoice:178 JKR Power solutions"
    Expenses:Capex                                    11000 INR
        Assets:IciciBank:Kali

2020-10-08  * "ATM Cash Withdrawl - Naina ATM"
    Assets:Household:Cash:Prabu                       10000 INR
        Assets:IciciBank:Kali

2020-10-08  * "all 90cm VIP Punch2x124,spictexbox2x64,frenchie2x91"
    Expenses:Clothes                                    558 INR
        Assets:IciciBank:Kali

2020-10-08  * "Sports Brassiere 36/90cms - Prithvi2x105,shakthi1x100"
    Expenses:Clothes                                    310 INR
        Assets:IciciBank:Kali

2020-10-08  * "Pothys""Buttervarkie 100,bread45,vegetables,marie59,sugar40"
    Expenses:Food:Chat                                  100 INR
    Expenses:Food:Groceries                             144 INR
    Expenses:Food:Vegetables
        Assets:IciciBank:Kali                          -412 INR

2020-10-08  * "Narasus 200g instant xtra strong 60:40 200g@115, pure50g@68"
    Expenses:Food:Groceries                             183 INR
        Assets:Household:Cash:Prabu

2020-10-08  * "Royal emporium"  "kerchief3x11,3x22,1x17"
    Expenses:Clothes                                    116 INR
        Assets:Household:Cash:Prabu

2020-10-08  * " Malli"
    Expenses:Food:Vegetables                             10 INR
        Assets:Household:Cash:Prabu

2020-10-08  * "Thanigai Traders Mayur 1150, Flour raw rice15x30-450"
    Expenses:Food:Groceries                            1600 INR
        Assets:IciciBank:Kali

2020-10-08  * "ginger 1.5kgx50"
    Expenses:Food:Vegetables                             50 INR
        Assets:Household:Cash:Prabu

2020-10-09  * "dinamalar"
    Expenses:Entertainment:Print                          7 INR
        Assets:Household:Cash:Cashbox

2020-10-08  * "missing money - in Cashbox"
    Expenses:Unaccounted                                 20 INR
        Assets:Household:Cash:Cashbox

2020-10-08  * "Given for expenses at home"
    Assets:Household:Cash:Cashbox                      3000 INR
        Assets:Household:Cash:Prabu

2020-10-08  * "Found coins in Stationary box - given to Aadhirai"
    Assets:Household:Cash:Aadhirai                        5 INR
        Equity:Opening-Balances

2020-10-10  *   "money found in cuddalore locker"
    Assets:Household:Cash:Prabu                          21 INR
        Equity:Opening-Balances

2020-10-10  * "chocolates for kpm visit 10x10re fivestar"
    Expenses:Food:Chat                                   50 INR
    Expenses:Gift:Friends                                50 INR
        Assets:Household:Cash:Prabu

2020-10-10  * "ponlait milk peda 2x110 reddychavady & ramkumar mama visit"
    Expenses:Gift:Relatives                             220 INR
        Assets:Household:Cash:Prabu

2020-10-10  * "kpm - pump repair - valve change, spring change, rat menace oht tank, lock"
  Expenses:Kpmhouse:Repairs                            1000 INR
        Assets:Household:Cash:Prabu

2020-10-11 * "milk for 5 days"
    Expenses:Food:Milk                                  550 INR
        Assets:Household:Cash:Cashbox

2020-10-12 * "House cleaning - Maid Meena on her request for cash needs"
    Expenses:Utilities:Maid                             500 INR
        Assets:Household:Cash:Cashbox

2020-10-13  * "PothyS" "moong330,orid780,gram340,tur480,baji75,pepper135"
    Expenses:Toiletries                                  51 INR
    Expenses:Food:Chat                                  220 INR
    Expenses:Food:Groceries
        Assets:IciciBank:Kali                         -3455 INR
        Assets:Household:Cash:Prabu                      -5 INR

2020-10-13 * "Jeeva Blood test"
    Expenses:Medical:Diagnostics                         80 INR
        Assets:Household:Cash:Cashbox

2020-10-14  * "Naina medicine for 300 days - jan aushadhi pharmacy"
    Expenses:Medical:Medicine                          2760 INR
        Assets:IciciBank:Kali

2020-10-14  * "Septilin, Anit-biotic amma - Rajaganapathy"
    Expenses:Medical:Medicine                           219 INR
        Assets:Household:Cash:Prabu

2020-10-14  * "Battery charging for car 70 INR- JKR Batteries, 100 - murthy"
    Expenses:Transport:Ikon:Repairs                      70 INR
    Expenses:Transport:Ikon:Repairs                     100 INR
        Assets:Household:Cash:Prabu

2020-10-14  * "Manikandan Bakery" "samosa and puffs"
    Expenses:Food:Chat                                   58 INR
        Assets:Household:Cash:Prabu

2020-10-14  * "school fees - aniruth 20950, exam fees 300, aadhirai 13050"
    Expenses:Education:Fees                           34300 INR
        Assets:IciciBank:Prabu

2020-10-15 * "Cycle repair - naina"
    Expenses:Transport:Cycle                             10 INR
        Assets:Household:Cash:Cashbox

2020-10-15 * "Drumstick, murungai poo"
    Expenses:Food:Vegetables                             25 INR
        Assets:Household:Cash:Cashbox

2020-10-16 * "milk for 5days"
    Expenses:Food:Milk                                  550 INR
        Assets:Household:Cash:Cashbox

2020-10-16 * "Mango"
    Expenses:Food:Vegetables                             10 INR
        Assets:Household:Cash:Cashbox

2020-10-16 * "RTO fees payment for RC Renewel"
    Expenses:Transport:Ikon:Insurance                   850 INR
        Assets:IciciBank:Kali

2020-10-16 *  "Umbrella Repair"
    Expenses:Consumables                                 50 INR
        Assets:Household:Cash:Prabu

2020-10-16 * "banana 3kg@50"
    Expenses:Food:Fruits                                 50 INR
        Assets:Household:Cash:Prabu

2020-10-16 *  "Splendor plus flush tank water inlet set"
    Expenses:Consumables                                140 INR
        Assets:Household:Cash:Prabu

2020-10-16 *  "photo for aniruth"
    Expenses:Education:Others                           100 INR
        Assets:Household:Cash:Prabu
2020-10-16 * "newspaper dinamalar"
    Expenses:Entertainment:Print                          7 INR
        Assets:Household:Cash:Cashbox
2020-10-17 * "Amul dark chocolate - krishnapuram"
    Expenses:Gift:Relatives                              98 INR
        Assets:IciciBank:Kali

2020-10-17 * "Tailor Vijayakumari" "aadhirai pink tops100, chudi350,2 tops alteration200 - prev adv 50"
    Expenses:Clothes                                    600 INR
        Assets:Household:Cash:Prabu

2020-10-17 * "sunflower oil 4.5kg 567"
    Expenses:Food:Groceries                             567 INR
        Assets:Household:Cash:Prabu

2020-10-17 * "Aniruth - rudra sleepover  petrol 70, idli 30"
    Expenses:Gift:Friends                               100 INR
        Assets:Household:Cash:Prabu

2020-10-18 * "Aniruth - soni birthday party"
    Expenses:Gift:Friends                               100 INR
        Assets:Household:Cash:Cashbox

2020-10-18 * "T-Bact ointment"
    Expenses:Medical:Medicine                           120 INR
        Assets:Household:Cash:Prabu

2020-10-18 * "kovil paati"
    Expenses:Gift:God                                    50 INR
        Assets:Household:Cash:Cashbox

2020-10-18 * "Milk Extra"
    Expenses:Food:Milk                                   44 INR
        Assets:Household:Cash:Cashbox

2020-10-19 * "Pudhina & malli"
    Expenses:Food:Vegetables                             10 INR
        Assets:Household:Cash:Prabu

2020-10-19 * "banana 30 +20"
    Expenses:Food:Fruits                                 50 INR
        Assets:Household:Cash:Prabu

2020-10-20 * "tvs star indicator lamp 2x160"
    Expenses:Transport:Star:Repairs                     320 INR
        Assets:Household:Cash:Prabu

2020-10-20 * "onion 60 , chilli 10"
    Expenses:Food:Vegetables                             70 INR
        Assets:Household:Cash:Prabu

2020-10-20 * "court stamp 6, glue stick 15"
    Expenses:Education:Stationary                        21 INR
        Assets:Household:Cash:Prabu

2020-10-20 * "pori"
    Expenses:Food:Groceries                              20 INR
        Assets:Household:Cash:Prabu

2020-10-20 *  "Petrol for Ray"
    Expenses:Transport:Fuel:Ray                      307.68 INR
        Assets:IciciBank:Kali

2020-10-20 * "Cooker gasket - Murugan steel house"
    Expenses:Consumables                                 75 INR
        Assets:Household:Cash:Prabu

2020-10-20 * "vetpalaai oil -Sanjeevi sidha- vidhya pharma - don't buy here"
    Expenses:Medical:Medicine                           140 INR
        Assets:Household:Cash:Prabu

2020-10-20 * "Whiteboard marker refill 33, ball pen 10 "
    Expenses:Education:Stationary                        43 INR
        Assets:Household:Cash:Prabu

2020-10-20 * "amma phone cover"
    Expenses:Consumables                                 30 INR
        Assets:Household:Cash:Prabu

2020-10-20 * "Ravi dept store - jaggery 2kg108,cornflour32,vermicilli35"
    Expenses:Food:Groceries                             175 INR
        Assets:IciciBank:Kali

2020-10-20 * "Prakash super store - Fridge stand"
    Expenses:Capex                                      300 INR
        Assets:IciciBank:Kali

2020-10-21 * "Pollution Under check - Ford iKon for Address change"
    Expenses:Transport:Ikon:Insurance                   150 INR
        Assets:Household:Cash:Prabu

2020-10-21 * "Advance for venkateswara snacks"
    Expenses:Gift:Relatives                             500 INR
        Assets:Household:Cash:Prabu

2020-10-21 * "camphor solid"
    Expenses:Toiletries                                  30 INR
        Assets:Household:Cash:Prabu

2020-10-21 * "ikon petrol"
    Expenses:Transport:Fuel:Ikon                        500 INR
        Assets:IciciBank:Kali

2020-10-21 * "Bread @ nilgiris"
    Expenses:Food:Groceries                              57 INR
        Assets:Household:Cash:Prabu

2020-10-21 *  "T-Bact ointment"
    Expenses:Medical:Medicine                           110 INR
        Assets:Household:Cash:Prabu

2020-10-21 * "papaya 37, banana 11, cotton gloves 15, vegetables"
    Expenses:Food:Fruits                                 48 INR
    Expenses:Clothes                                     15 INR
    Expenses:Food:Vegetables
        Assets:IciciBank:Kali                          -277 INR

2020-10-21 * "milk for 5 days"
    Expenses:Food:Milk                                  550 INR
        Assets:Household:Cash:Cashbox

2020-10-22 * "ikon Greentax payment until 2025"
    Expenses:Transport:Ikon:Insurance                  1000 INR
        Assets:SBI:Prabu:Savings

2020-10-22 * "Dr Rajarthinam MD consultation Naina - Betavert 16mgx2 p/day x5 days"
    Expenses:Medical:Consultation                       200 INR
        Assets:Household:Cash:Prabu

2020-10-22 * "Fridge Freezer compartment Door"
    Expenses:Capex                                      250 INR
        Assets:Household:Cash:Prabu

2020-10-22 * "True Jokes biscuit 30,custardcream biscuit2x25,vermicilli 65@900g"
    Expenses:Food:Groceries                             139 INR
        Assets:Household:Cash:Prabu

2020-10-22 *  "Aniruth School fees Term1 advance payment - pending from Jan'20"
    Expenses:Education:Fees                           10000 INR
        Assets:IciciBank:Kali

2020-10-22 * "Petrol opp to Pondicherry university"
    Expenses:Transport:Fuel:Ray                         225 INR
        Assets:IciciBank:Kali

2020-10-23 * "Road work with Babu Mason for fixing the water stagnation issue @ganapathy uncle"
    Expenses:Capex                                     1000 INR
        Assets:Household:Cash:Prabu

2020-10-23 * "Battery LMS100 water top-up 10 yet to give"
    Expenses:Consumables                                 40 INR
        Assets:Household:Cash:Prabu

2020-10-23 * "Selvam Tank operator - Ayutha poojai"
  Expenses:Utilities:Watersupply                        100 INR
        Assets:Household:Cash:Prabu

2020-10-23 * "newspaper - dinamalar"
    Expenses:Entertainment:Print                          7 INR
        Assets:Household:Cash:Cashbox

2020-10-22 * "ATM Withdrawl from Kali ICICI A/C"
    Assets:Household:Cash:Prabu                       10000 INR
    Assets:IciciBank:Kali

2020-10-26 * "milk 6 days"
    Expenses:Food:Milk                                  660 INR
        Assets:Household:Cash:Cashbox

2020-10-26 * "cash transfer to cashbox"
    Assets:Household:Cash:Cashbox                      3000 INR
        Assets:Household:Cash:Prabu

2020-10-26 * "Aniruth Sakshi & chirag birthday"
    Expenses:Gift:Friends                               150 INR
        Assets:Household:Cash:Prabu

2020-10-26 * "Ghee ponlait"
    Expenses:Food:Groceries                             600 INR
        Assets:Household:Cash:Prabu

2020-10-26 * "Unaccounted as on 2020-10-26"
    Expenses:Unaccounted                                  5 INR
        Assets:Household:Cash:Cashbox

2020-10-27 balance  Assets:Household:Cash:Cashbox      3030 INR
2020-10-27 balance  Assets:Household:Cash:Prabu        6252 INR

2020-10-27 *  "ORS orange flavour for navneeth"
    Expenses:Gift:Relatives                              36 INR
        Assets:Household:Cash:Prabu

2020-10-27 * "seppakezhangu 2kg"
    Expenses:Food:Vegetables                             60 INR
        Assets:Household:Cash:Prabu

2020-10-27 * "Banana at Tcbalam KC during Library visit"
    Expenses:Food:Fruits                                 20 INR
        Assets:Household:Cash:Prabu

2020-10-27 * "Bread Nilgiris"
    Expenses:Food:Groceries                              57 INR
        Assets:Household:Cash:Prabu

2020-10-27 * "Broomstick plastic"
    Expenses:Toiletries                                  70 INR
        Assets:Household:Cash:Prabu

2020-10-27 * "Acid 2lx30"
    Expenses:Toiletries                                  60 INR
        Assets:Household:Cash:Prabu

2020-10-27 * "Bleaching powder13, washing soda18, mop56 tax18% - Honesty"
    Expenses:Toiletries                                 102 INR
        Assets:Household:Cash:Prabu

2020-10-27 * "Ray petrol"
    Expenses:Transport:Fuel:Ray                         254 INR
        Assets:IciciBank:Kali

2020-10-27 * "Adv received from waste paper sales"
    Assets:Household:Cash:Aadhirai                      100 INR
        Expenses:Entertainment:Print

2020-10-27 *  "Flour milling charges"
    Expenses:Food:Groceries                             120 INR
        Assets:Household:Cash:Cashbox

2020-10-28 * "Greens"
    Expenses:Food:Vegetables                             10 INR
        Assets:Household:Cash:Cashbox

2020-10-28 * "soda 15, salt 10"
    Expenses:Food:Chat                                   15 INR
    Expenses:Food:Groceries                              10 INR
        Assets:Household:Cash:Cashbox

2020-10-29 * "Onion 100, tomato 25, garlic 70"
    Expenses:Food:Vegetables                            195 INR
        Assets:Household:Cash:Cashbox

2020-10-30 * "2kg sweets from Venkateswara - adv paid 100"
    Expenses:Gift:Relatives                             380 INR
        Assets:Household:Cash:Prabu

2020-10-30 * "Dinamalar paper"
    Expenses:Entertainment:Print                          8 INR
        Assets:Household:Cash:Cashbox

2020-10-30 * "Murungai Poo"
    Expenses:Food:Vegetables                             15 INR
        Assets:Household:Cash:Cashbox

2020-10-30 * "Rice idly 10kg @30"
    Expenses:Food:Groceries                             300 INR
        Assets:IciciBank:Kali

*** 2020-11

2020-11-01 * "Aniruth Dress - Dark Blue cotton pant-stretch alteration50"
    Expenses:Clothes                                    650 INR
        Assets:Household:Cash:Prabu

2020-11-01 * "Games Indians Play- book Ragunathan"
    Expenses:Entertainment:Print                         50 INR
        Assets:Household:Cash:Prabu

2020-11-01 * "Milk for 5 days"
    Expenses:Food:Milk                                  550 INR
        Assets:Household:Cash:Cashbox

2020-11-01 * "Garbage 150 from this month"
    Expenses:Utilities:Garbagecollection                150 INR
        Assets:Household:Cash:Cashbox

2020-11-01 * "Chocolate - aniruth - anna mother birthday"
     Expenses:Gift:Friends                               90 INR
        Assets:Household:Cash:Cashbox

2020-11-02 * "cycle tube SLR 80, basket rod20,lamp bracket20,bolt6,basket adi clip15"
    Expenses:Transport:Cycle                            140 INR
        Assets:Household:Cash:Prabu

2020-11-02 * "Banana"
    Expenses:Food:Fruits                                 50 INR
        Assets:Household:Cash:Prabu

2020-11-02 * "aadhirai Cycle repair - tube changed adv 20 - yet to pay 30"
    Expenses:Transport:Cycle                             20 INR
        Assets:Household:Cash:Prabu

2020-11-02 * "Petrol for ray"
    Expenses:Transport:Fuel:Ray                         270 INR
        Assets:IciciBank:Kali

2020-11-02 *  "Thennampakkam_jayakmar" "Money for 6 months milk No outstanding"
    Expenses:Gift:God                                  1800 INR
        Assets:Household:Cash:Prabu

2020-11-02 * "Cash proceeds from Hercules cycle sale"
    Assets:Household:Cash:Aadhirai                      400 INR
        Expenses:Capex

2020-11-02 * "Amazon pay topup"
    Assets:Household:Amazon:Pay                                  2600 INR
        Assets:IciciBank:Kali
2020-11-01 pad Assets:Household:Amazon:Pay Income:Amazon:Cashback
2020-11-02 balance  Assets:Household:Amazon:Pay                  92.5 INR


2020-11-02 * "oildhara589,aadhar440,salt75,yippee472,digestive113,4pad312"
    Expenses:Toiletries                                 312 INR
    Expenses:Food:Groceries                            1689 INR
        Assets:Household:Amazon:Pay

2020-11-02 * "unibic-chocochip106.31,fruitnut85.69,meswak189,hersheys260"
    Expenses:Food:Groceries                             452 INR
    Expenses:Toiletries                                 189 INR
       Assets:Household:Amazon:Pay

2020-11-02 * "amazon cashback for 2020-11-02 purchase"
    Assets:Household:Amazon:Pay                                400.27 INR
        Income:Amazon:Cashback

2020-11-03 balance  Assets:Household:Cash:Cashbox      1867 INR
2020-11-03 balance  Assets:Household:Cash:Prabu        2757 INR
2020-11-03 balance  Assets:Household:Cash:Aadhirai      523 INR


2020-11-03 * "diclobenz oin, fucibet oin,diclobenz tablet 10"
    Expenses:Medical:Medicine                            70 INR
        Assets:Household:Cash:Prabu

2020-11-03 * "Green chilli"
    Expenses:Food:Vegetables                             10 INR
        Assets:Household:Cash:Cashbox

2020-11-03 * "cdl trip total expenses by jeeva 450"
    Assets:Household:Cash:Jeeva                         450 INR
        Assets:Household:Cash:Cashbox

2020-11-03 * "cdl trip for ramesh housewarming function - jeeva"
    Expenses:Transport:Public                           100 INR
        Assets:Household:Cash:Jeeva

2020-11-04 * "Ramesh varisai 200, biscuits/chocalte 150"
    Expenses:Gift:Friends                               350 INR
        Assets:Household:Cash:Jeeva

2020-11-04 * "Indane""Gas cylinder delivery"
    Expenses:Utilities:Gas                           636.50 INR
    Assets:Household:Cash:Prabu                         -30 INR
        Assets:IciciBank:Kali

2020-11-04 * "slipper mcr prabu"
    Expenses:Clothes                                    200 INR
        Assets:Household:Cash:Prabu

2020-11-04 * "aval1/2kg@30,pattani,varukadalai,1/4kg x40x3"
    Expenses:Food:Chat                                  150 INR
        Assets:Household:Cash:Prabu

2020-11-04 * "bread packet"
    Expenses:Food:Groceries                              81 INR
        Assets:Household:Cash:Prabu

2020-11-04 * "NOC for TVS Star - SP office Gokulraj ASI - bribe"
    Expenses:Transport:Star:Insurance                   600 INR
        Assets:Household:Cash:Prabu

2020-11-04 * "prabu basket70,fitting 50, tubechange30 - bal"
    Expenses:Transport:Cycle                            150 INR
        Assets:Household:Cash:Prabu

2020-11-05 * "Banana 3kg@50"
    Expenses:Food:Fruits                                 50 INR
        Assets:Household:Cash:Prabu

2020-11-05 * "Venkateswara" "Sweet remaining payment 3kg@240 sweet,1kg180"
    Expenses:Food:Chat                                  500 INR
        Assets:Household:Cash:Prabu

2020-11-05 * "Vegetables onion 80, colacasia80,sorakkai20"
    Expenses:Food:Vegetables                            200 INR
        Assets:IciciBank:Kali

2020-11-05 * "Pudhina, curry leaf"
    Expenses:Food:Vegetables                             60 INR
        Assets:Household:Cash:Prabu

2020-11-05 * "ATM Cash withdrawl - naina ICICI A/c"
    Assets:Household:Cash:Prabu                        5000 INR
        Assets:IciciBank:Kali

2020-11-05 * "Ray petrol"
    Expenses:Transport:Fuel:Ray                         289 INR
        Assets:IciciBank:Kali

2020-11-05 * "Ration items"
    Expenses:Food:Groceries                             323 INR
        Assets:Household:Cash:Cashbox

2020-11-05 * "Maid meena salary 4 of 5 - loan repayment"
    Expenses:Utilities:Maid                             100 INR
    Assets:Household:Cash:Cashbox

2020-11-05 * "peanut cake 30, malli 5"
    Expenses:Food:Chat                                   30 INR
    Expenses:Food:Vegetables                              5 INR
        Assets:Household:Cash:Cashbox

2020-11-06 * "Newspaper dinamalar"
    Expenses:Entertainment:Print                          7 INR
        Assets:Household:Cash:Cashbox

2020-11-06 * "Ponlait 5 days"
    Expenses:Food:Milk                                  550 INR
        Assets:Household:Cash:Cashbox

2020-11-06 * "Vegetables and biscuits at pohtys"
    Expenses:Food:Vegetables                            126 INR
    Expenses:Food:Groceries                              65 INR
        Assets:IciciBank:Kali

2020-11-07 * "Money handed over to cashbox"
    Assets:Household:Cash:Cashbox                      1350 INR
        Assets:Household:Cash:Prabu

2020-11-07 * "Haircut - naina"
    Expenses:Toiletries                                 100 INR
        Assets:Household:Cash:Cashbox

2020-11-07 * "Flour milling"
    Expenses:Utilities:Others                            40 INR
        Assets:Household:Cash:Cashbox

2020-11-07 * "Birthday Gift - Chirag/friends"
    Expenses:Gift:Friends                               150 INR
        Assets:Household:Cash:Cashbox

2020-11-08 * "Vinayagar temple"
    Expenses:Gift:God                                    50 INR
        Assets:Household:Cash:Cashbox

2020-11-09 * "JCB road flattening work"
    Expenses:Capex                                     1800 INR
        Assets:Household:Cash:Prabu

2020-11-09 * "Money handed over to cashbox"
    Assets:Household:Cash:Cashbox                       200 INR
        Assets:Household:Cash:Prabu

2020-11-09 * "Venkateswara" "1kg sweet for gifting"
    Expenses:Food:Chat                                  240 INR
        Assets:Household:Cash:Prabu

2020-11-10 * "Bus 33+80+90+33, Share auto 10+10, bike parking 10"
    Expenses:Transport:Public                           266 INR
        Assets:Household:Cash:Prabu

2020-11-10 * "NOC Fees payment at RTO, pdy"
    Expenses:Transport:Star:Insurance                   100 INR
        Assets:Household:Cash:Prabu

2020-11-11 * "Ray petrol"
    Expenses:Transport:Fuel:Ray                      320.52 INR
        Assets:IciciBank:Kali

2020-11-11 *  "Pothys" "vegetables"
    Expenses:Food:Groceries                              38 INR
    Expenses:Food:Fruits                                 20 INR
    Expenses:Food:Vegetables                            105 INR
        Assets:Household:Cash:Prabu                     -50 INR
        Assets:IciciBank:Kali

2020-11-11 * "Ponlait 5 days"
    Expenses:Food:Milk                                  550 INR
        Assets:Household:Cash:Cashbox

2020-11-11 * "Drumstick 10"
    Expenses:Food:Vegetables                             10 INR
        Assets:Household:Cash:Cashbox

2020-11-12 *  "Pothys" "Vegetables and papaya at pothys"
    Expenses:Food:Vegetables                             84 INR
    Expenses:Food:Fruits                                 24 INR
        Assets:IciciBank:Kali

2020-11-12 * "Seekai16, malli 5, cauliflower 40"
    Expenses:Food:Vegetables                             45 INR
    Expenses:Toiletries                                  16 INR
        Assets:Household:Cash:Cashbox

2020-11-13 * "newspaper dinamalar"
    Expenses:Entertainment:Print                          7 INR
        Assets:Household:Cash:Cashbox

2020-11-15 * "Gurkha"
    Expenses:Utilities:Others                            10 INR
        Assets:Household:Cash:Cashbox

2020-11-16 * "Pothys" "Vegetables, vinegar 500ml 25, marie 22 and fruits at pothys"
    Expenses:Food:Fruits                                 12 INR
    Expenses:Food:Groceries                              47 INR
    Expenses:Food:Vegetables                            130 INR
        Assets:IciciBank:Kali

2020-11-16 * "ponlait 5 days"
    Expenses:Food:Milk                                  550 INR
        Assets:Household:Cash:Cashbox


2020-11-17 * " Naina ATM Withdrawl - kpm Advance repaid to Andal amma 20k less 1500rent@10,EB500"
    Assets:Household:Cash:Prabu                        2000 INR
        Assets:IciciBank:Kali

2020-11-17 * "Nitrogen 10+ petrol Ray 312.64"
    Expenses:Transport:Fuel:Ray                      322.64 INR
        Assets:Household:Cash:Prabu                     -10 INR
        Assets:IciciBank:Kali

2020-11-17 *  "VST Trends" "sports indress prithvi 85 - aadhirai - upi payment"
    Expenses:Clothes                                    345 INR
        Assets:IciciBank:Prabu

2020-11-17 * "nandu lungi274, aadhirai 36x72128,27x60-40,30x60-43"
    Expenses:Clothes                                    485 INR
        Assets:IciciBank:Kali

2020-11-18 * "Diclobenz tablet3x4,cream3x30"
    Expenses:Medical:Medicine                           102 INR
        Assets:Household:Cash:Prabu

2020-11-18 * "dhaniya28,redchilli50,aval35,ladiesfinger5,tomato12"
    Expenses:Food:Vegetables                             17 INR
    Expenses:Food:Groceries                             112 INR
        Assets:IciciBank:Kali

2020-11-18 * "naina slipper upi-payment"
    Expenses:Clothes                                    230 INR
        Assets:IciciBank:Prabu

2020-11-18 * "Naina bus from lawspet"
    Expenses:Transport:Public                             7 INR
        Assets:Household:Cash:Cashbox

2020-11-18 * "pinni temp loan"
    Expenses:Gift:Relatives                            2000 INR
        Assets:Household:Cash:Prabu

2020-11-20 * "beans"
    Expenses:Food:Vegetables                             20 INR
        Assets:Household:Cash:Prabu

2020-11-20 * "Manikandan Bakery" "samosa 6x10"
    Expenses:Food:Chat                                   60 INR
        Assets:Household:Cash:Prabu

2020-11-20 * "registered post charges for the letter to lic - service branch transfer 73S"
    Expenses:Communication                               27 INR
        Assets:Household:Cash:Prabu

2020-11-20 * "money returned by pinni"
    Expenses:Gift:Relatives                            -500 INR
        Assets:Household:Cash:Prabu

2020-11-20 * " Newspaper dinamalar"
    Expenses:Entertainment:Print                          7 INR
        Assets:Household:Cash:Cashbox

2020-11-21 * "Battery for tvs star"
    Expenses:Transport:Star:Repairs                     800 INR
        Assets:IciciBank:Kali

2020-11-21 * "Breaklight assy, left arm switch assy tvs star"
    Expenses:Transport:Star:Repairs                     575 INR
        Assets:Household:Cash:Prabu

2020-11-21 * "Money received from Gokul - pinni returned the money"
    Expenses:Gift:Relatives                           -1600 INR
        Assets:IciciBank:Prabu

2020-11-21 * "Socks and underwear storage"
    Expenses:Capex                                      269 INR
        Assets:Household:Amazon:Pay

2020-11-21 * "Money transferred to cashbox"
    Assets:Household:Cash:Cashbox                      1500 INR
        Assets:Household:Cash:Prabu

2020-11-21 * "ATM Cash withdrawl naina a/c"
    Assets:Household:Cash:Prabu                        8000 INR
        Assets:IciciBank:Kali

2020-11-21 * "ponlait"
    Expenses:Food:Milk                                  550 INR
        Assets:Household:Cash:Cashbox

2020-11-21 * "Aniruth haircut"
    Expenses:Toiletries                                  90 INR
        Assets:Household:Cash:Cashbox

2020-11-21 * "Adjustment for excess money"
    Assets:Household:Cash:Cashbox                        10 INR
        Expenses:Unaccounted

2020-11-22 balance  Assets:Household:Cash:Cashbox      1270 INR
2020-11-22 balance  Assets:Household:Cash:Prabu        8066 INR
2020-11-22 balance  Assets:Household:Cash:Jeeva          41 INR

2020-11-22 * "book - what do you say after you say hello"
    Expenses:Entertainment:Print                         50 INR
        Assets:Household:Cash:Prabu

2020-11-22 * "Aniruth milkshake"
    Expenses:Food:Chat                                   50 INR
        Assets:Household:Cash:Cashbox

2020-11-23 * "fish masala"
    Expenses:Food:Groceries                              10 INR
        Assets:Household:Cash:Cashbox

2020-11-23 * "Dr Brinda - Aadhirai - Hydrofil cream2 299,allegra120mg5x17,esm-f cream135"
    Expenses:Medical:Medicine   490
    Expenses:Medical:Consultation 300
        Assets:IciciBank:Kali   -490
        Assets:Household:Cash:Prabu

2020-11-23 * "Amrutanjan strong"
    Expenses:Medical:Medicine                           119 INR
        Assets:Household:Cash:Prabu

2020-11-23 * "TVS Star Rectifier repair 150, rectifier 591,battery belt 20"
    Expenses:Transport:Star:Repairs                     761 INR
       Assets:Household:Cash:Prabu

2020-11-23 * "horn+ LH assy yoke replacement labour50+100, horn 175, clutch cable 55"
    Expenses:Transport:Star:Repairs                     384 INR
        Assets:Household:Cash:Prabu

2020-11-25 * "Navneeth birthday"
    Expenses:Gift:Relatives                             100 INR
        Assets:Household:Cash:Cashbox

2020-11-26 * "milk 5 days"
    Expenses:Food:Milk                                  550 INR
        Assets:Household:Cash:Cashbox

2020-11-27 * "newspaper 7, vegetabes 14, salt10"
    Expenses:Entertainment:Print                          7 INR
    Expenses:Food:Vegetables                             14 INR
    Expenses:Food:Groceries                              10 INR
        Assets:Household:Cash:Cashbox

2020-11-27 * "money given back to Andal amma- parvathi diwali gift 400, 200 - power for II Floor motor line"
    Expenses:Capex                                      200 INR
    Expenses:Utilities:Maid                             400 INR
        Assets:Household:Cash:Prabu

2020-11-27 * "Money given to Priya Amma for Parvathi payment"
    Expenses:Utilities:Maid                             500 INR
        Assets:Household:Cash:Prabu

2020-11-27 * "Ray petrol"
    Expenses:Transport:Fuel:Ray                         324 INR
        Assets:IciciBank:Kali

2020-11-28 * "aadhirai cycle - mudguard fixing"
    Expenses:Transport:Cycle                             10 INR
        Assets:Household:Cash:Prabu

2020-11-27 * "Nitrogen for Tvs star"
    Expenses:Transport:Fuel:Star                         10 INR
        Assets:Household:Cash:Prabu

2020-11-27 * "Aniruth Milkshake"
    Expenses:Food:Chat                                   50 INR
        Assets:Household:Cash:Cashbox

2020-11-28 * "Cycle tyre 180, fixng 70 - Aniruth Cycle"
    Expenses:Transport:Cycle                            250 INR
        Assets:Household:Cash:Prabu

2020-11-28 * "cosmos spary paint 180, 220grit sandpaper20,thinner500ml 50 - for tvs star"
    Expenses:Transport:Star:Repairs                     250 INR
        Assets:Household:Cash:Prabu

2020-11-28 * "Manikandan Bakery" "Samosa"
    Expenses:Food:Chat                                   60 INR
        Assets:Household:Cash:Prabu

2020-11-29 * "baking powder - for rust removal"
    Expenses:Transport:Star:Repairs                       5 INR
        Assets:Household:Cash:Prabu

2020-11-29 * "haircut-prabu"
    Expenses:Toiletries                                  90 INR
        Assets:Household:Cash:Prabu

2020-11-29 * "newspaper malaimalar"
    Expenses:Entertainment:Print                          5 INR
        Assets:Household:Cash:Cashbox

2020-11-30 * "ink bottle 25, black ball pen 5"
    Expenses:Education:Stationary                        30 INR
        Assets:Household:Cash:Prabu

2020-11-30 * "oats 41, coffee Extrstrong50g2x30-60,pure50g68,pb 200g88"
    Expenses:Food:Groceries                             257 INR
        Assets:Household:Cash:Prabu

2020-11-30 * "fork oil seal2-200, oil 2x180,bearing 280, bulb 40, front wheel spring 260, workshop80,electrical150,labour600 Sudhakar mechanic Thiagaraja street"
    Expenses:Transport:Star:Repairs 1790
        Assets:Household:Cash:Prabu

2020-11-30 * "tempo 10+10, bus 8"
    Expenses:Transport:Public                            28 INR
        Assets:Household:Cash:Prabu

2020-11-30 * "petrol tvs star"
    Expenses:Transport:Fuel:Star                        300 INR
        Assets:IciciBank:Kali

2020-11-30 * "Indane"" gas cylinder booking online payment - upi payment"
    Expenses:Utilities:Gas                              607 INR
        Assets:IciciBank:Prabu

*** 2020-12

2020-12-01 balance  Assets:Household:Cash:Cashbox       474 INR
2020-12-01 balance  Assets:Household:Cash:Prabu        2572 INR

2020-12-01 * "TNEB Charges GF"
    Expenses:Utilities:Electricity                      770 INR
        Assets:IciciBank:Kali

2020-12-01 * "TNEB charges FF"
    Expenses:Utilities:Electricity                      380 INR
        Assets:IciciBank:Kali


2020-12-01 * "Name transfer tindivanam RTO expenses - affidavit300+80+30+20,sticker80,Photo50,PUC50,Xerox20"
    Expenses:Communication                               24 INR
    Expenses:Transport:Star:Insurance                   610 INR
        Assets:Household:Cash:Prabu

2020-12-01 * "Money transferred to home cashbox"
    Assets:Household:Cash:Cashbox                       500 INR
        Assets:Household:Cash:Prabu

2020-12-01 * "milk ponlait "
    Expenses:Food:Milk                                  484 INR
        Assets:Household:Cash:Cashbox

2020-12-01 * "Biscuit - marie"
    Expenses:Food:Groceries                              10 INR
        Assets:Household:Cash:Cashbox

2020-12-01 * "Gas delivery charges"
    Expenses:Utilities:Gas                               30 INR
        Assets:Household:Cash:Cashbox

2020-12-01 * "Lunch at tindivanam - Reddiar Mess"
    Expenses:Food:Chat                                   40 INR
        Assets:Household:Cash:Prabu

2020-12-02 * "Tyre change for TVS Star Tyre 900, tube 250, labour 70"
    Expenses:Transport:Star:Repairs                    1220 INR
        Assets:Household:Cash:Prabu

2020-12-03 * "Petrol purchase in can for ikon"
    Expenses:Transport:Fuel:Ikon                     423.58 INR
        Assets:IciciBank:Kali

2020-12-03 * "Withdrawl from naina atm"
    Assets:Household:Cash:Prabu                       10000 INR
        Assets:IciciBank:Kali

2020-12-03 * "Towing charges for ikon 400, advance 1100 to murthy"
    Expenses:Transport:Ikon:Repairs                    1500 INR
        Assets:Household:Cash:Prabu

2020-12-04 * "newspaper"
    Expenses:Entertainment:Print                          7 INR
        Assets:Household:Cash:Cashbox

2020-12-04 * "tomato 12, biscuit 20"
    Expenses:Food:Vegetables                             12 INR
    Expenses:Food:Groceries                              20 INR
        Assets:Household:Cash:Cashbox

2020-12-06 * "Transfer to cashbox - aadhirai 2100, naina 500"
    Assets:Household:Cash:Cashbox                      2600 INR
        Assets:Household:Cash:Prabu

2020-12-06 * "milk ponlait"
    Expenses:Food:Milk                                  550 INR
        Assets:Household:Cash:Cashbox

2020-12-06 * "maid meena 5 of 5 loan repaid"
    Expenses:Utilities:Maid                             100 INR
        Assets:Household:Cash:Cashbox

2020-12-06 * "Vinayagar temple"
    Expenses:Gift:God                                    50 INR
        Assets:Household:Cash:Cashbox

2020-12-06 *  "coriander, curry leaf 10 , idly rice 32"
    Expenses:Food:Vegetables                             10 INR
    Expenses:Food:Groceries                              32 INR
        Assets:Household:Cash:Cashbox

2020-12-06 *  "ironing charges"
    Expenses:Utilities:Iron                             115 INR
        Assets:Household:Cash:Cashbox


2020-12-07 * "idly rice 10kg@30"
    Expenses:Food:Groceries                             300 INR
        Assets:IciciBank:Kali

2020-12-07 * "fuel for tvs star"
    Expenses:Transport:Fuel:Star                        300 INR
        Assets:IciciBank:Kali

2020-12-08 * "garbage collection"
    Expenses:Utilities:Garbagecollection                150 INR
        Assets:Household:Cash:Cashbox

2020-12-08 * "tomato 14, onion 50"
    Expenses:Food:Vegetables                             64 INR
        Assets:Household:Cash:Cashbox

2020-12-08 * "Hari from Murugan Tinkering fixed the left mirror"
    Expenses:Transport:Ikon:Repairs                      50 INR
        Assets:Household:Cash:Prabu

2020-12-08 * "Trip to chennai 33+90+33+11+40+25+125, dinner 25"
    Expenses:Transport:Public                           357 INR
    Expenses:Food:Chat                                   25 INR
        Assets:Household:Cash:Prabu

2020-12-08 *  "Lenova Vibe K5 display changed"
    Expenses:Capex                                     1400 INR
        Assets:Household:Cash:Prabu

2020-12-09 * "Ford ikon Flair Fog light at Jupiter Motor spares - worst quality"
    Expenses:Transport:Ikon:Repairs                    1200 INR
        Assets:IciciBank:Kali

2020-12-09 * "Car FC renewel - Radha Driving School - pending 1000, painting 1500 if needed"
    Expenses:Transport:Ikon:Insurance                  3500 INR
        Assets:Household:Cash:Prabu

2020-12-10 * "Manikandan Bakery" "Money paid to Manikandan Bakery for 12 samosa tomorrow"
    Expenses:Food:Chat                                   70 INR
        Assets:Household:Cash:Prabu

2020-12-10 * "anti-corrosion Paint - brush 40, primer 300ml 80, black paint 200ml 80"
    Expenses:Transport:Ikon:Repairs                     190 INR
        Assets:Household:Cash:Prabu

2020-12-10 * "Ration items"
    Expenses:Food:Groceries                             343 INR
        Assets:Household:Cash:Cashbox

2020-12-11 * "ikon petrol filter - Jupiter Motor Parts"
    Expenses:Transport:Ikon:Repairs                     490 INR
        Assets:IciciBank:Kali

2020-12-11 * "coolant 240, Strut Mounting 1400, Mudflap 260, Brake cylinder assy 1300"
    Expenses:Transport:Ikon:Repairs                    3100 INR
        Assets:IciciBank:Kali


2020-12-11 * "Manikandan Bakery" "Money paid to Manikandan Bakery for 10 samosa 18dec"
    Expenses:Food:Chat                                   60 INR
        Assets:Household:Cash:Prabu

2020-12-11 * "Petrol for Ray"
    Expenses:Transport:Fuel:Ray                         344 INR
        Assets:IciciBank:Kali

2020-12-11 * "Petrol for ikon - 8.5l"
        Expenses:Transport:Fuel:Ikon                    729 INR
            Assets:IciciBank:Kali

2020-12-11 * "milk 550, paper 8"
    Expenses:Food:Milk                                  550 INR
    Expenses:Entertainment:Print                          8 INR
        Assets:Household:Cash:Cashbox

2020-12-12 * "helmet lock -steelbird at Rexine House"
    Expenses:Capex                                      140 INR
        Assets:Household:Cash:Prabu

2020-12-12 * "ikon Brake pad 900, brake oil white 500ml - 160"
    Expenses:Transport:Ikon:Repairs                    1060 INR
        Assets:IciciBank:Kali

2020-12-12 * "3M sticker Red 0.5m 120Rs/Metre  - Maharaja Plastics"
    Expenses:Transport:Ikon:Repairs                      60 INR
        Assets:Household:Cash:Prabu

2020-12-12 * "ATM withdrawl - kali atm"
    Assets:Household:Cash:Prabu                       10500 INR
        Assets:IciciBank:Kali

2020-12-12 * "Bread Niligiris 56, mosquito liquid 45 days dazzle dream 63"
    Expenses:Toiletries                                  63 INR
    Expenses:Food:Groceries                              56 INR
        Assets:Household:Cash:Prabu

2020-12-12 * "varu Kadalai 250g"
    Expenses:Food:Chat                                   40 INR
        Assets:Household:Cash:Prabu

2020-12-12 * "Adv car electrician - Velu 87542 76354"
    Expenses:Transport:Ikon:Repairs                     500 INR
        Assets:Household:Cash:Prabu

2020-12-12 * "Adv Murthy to Diwakar to Hari - 1000 earlier 1100 + 50 maruti lens"
    Expenses:Transport:Ikon:Repairs                    1050 INR
        Assets:Household:Cash:Prabu

2020-12-12 * "Araldite55 + mseal10, + WD40 spray 75 - for Electrician Velu"
    Expenses:Transport:Ikon:Repairs                     140 INR
        Assets:Household:Cash:Prabu

2020-12-12 * "Relay 3x100, bigger one 1x200 - GJ Automobiles"
    Expenses:Transport:Ikon:Repairs                     500 INR
        Assets:Household:Cash:Prabu

2020-12-12 * "milk"
    Expenses:Food:Milk                                   22 INR
        Assets:Household:Cash:Cashbox

2020-12-12 * "biscuit 15, soda 15, vegetables 35"
    Expenses:Food:Vegetables                             35 INR
    Expenses:Food:Groceries                              15 INR
    Expenses:Food:Chat                                   15 INR
        Assets:Household:Cash:Cashbox

2020-12-12 * "mismatch 101 INR"
    Expenses:Unaccounted                                101 INR
        Assets:Household:Cash:Prabu

2020-12-13 balance  Assets:Household:Cash:Cashbox       952 INR
2020-12-13 balance  Assets:Household:Cash:Prabu        8276 INR

2020-12-13 * "Transfer to cashbox"
    Assets:Household:Cash:Cashbox                      2000 INR
        Assets:Household:Cash:Prabu

2020-12-13 * "Chocolate to Dharshini House"
    Expenses:Gift:Friends                               236 INR
        Assets:Household:Cash:Prabu

2020-12-13 * "Vanur Bus - naina library"
    Expenses:Transport:Public                            24 INR
        Assets:Household:Cash:Cashbox

2020-12-14 * "Murthy 1000, Electrician 700 +150 charging, Murugan Tinker - Hari -150, tape,bulb 46"
    Expenses:Transport:Ikon:Repairs                    2000 INR
    Expenses:Transport:Ikon:Repairs                      46 INR
    Expenses:Transport:Fuel:Ikon                       1000 INR
        Assets:Household:Cash:Prabu
        Assets:IciciBank:Kali                         -1000 INR

2020-12-14 * "vegetables 220, pudhina 20, curry leaf 40"
    Expenses:Food:Vegetables                            280 INR
        Assets:Household:Cash:Prabu

2020-12-14 * "Vitamin B12 injection 122Rs, syrinje 54Rs, p500 50Nos"
    Expenses:Medical:Medicine                           200 INR
        Assets:Household:Cash:Prabu

2020-12-14 * "Chilli24, garlic60, tomato25 "
    Expenses:Food:Vegetables                            109 INR
        Assets:Household:Cash:Cashbox

2020-12-15 * "milk 44"
    Expenses:Food:Milk                                   44 INR
        Assets:Household:Cash:Cashbox

2020-12-15 * "chilli 10"
    Expenses:Food:Vegetables                             10 INR
        Assets:Household:Cash:Cashbox

2020-12-15 * "nippon paint anti-rust coating 2x320, thinner 85"
    Expenses:Transport:Ikon:Repairs                     725 INR
        Assets:Household:Cash:Prabu

2020-12-16 * "ponlait 5 days"
    Expenses:Food:Milk                                  550 INR
        Assets:Household:Cash:Cashbox

2020-12-18 * "ATM Withdrawl - naina bank"
    Assets:Household:Cash:Prabu                       15000 INR
        Assets:IciciBank:Kali

2020-12-18 * "Aadhar card lamination"
    Expenses:Consumables                                 35 INR
        Assets:Household:Cash:Prabu

2020-12-18 * "Peanut cake 40, jangiri 120 for ashwini home visit"
    Expenses:Gift:Relatives                             160 INR
        Assets:Household:Cash:Prabu

2020-12-18 * "Manikandan Bakery" "Samosa for next week 60 Manikandan Bakery 25 Dec , bread 20, bun 20"
    Expenses:Food:Chat                                  100 INR
        Assets:Household:Cash:Prabu

2020-12-18 * "Car anti-rust painting + car wash Babu car wash SMP - 750 + 50 for labour"
    Expenses:Transport:Ikon:Repairs                     800 INR
        Assets:Household:Cash:Prabu

2020-12-18 * "Onion 50, salt 10, biscuit 10, chilli 10"
    Expenses:Food:Vegetables                             60 INR
    Expenses:Food:Groceries                              20 INR
        Assets:Household:Cash:Cashbox

2020-12-19 * "Mayur 1180, idli rice 300, urad dal 120"
    Expenses:Food:Groceries                            1600 INR
        Assets:Household:Cash:Prabu

2020-12-19 * "Painter Gajendran - payment for dicky, FL, RL Mudgurard"
    Expenses:Transport:Ikon:Repairs                    2800 INR
        Assets:Household:Cash:Prabu

2020-12-19 * "3M marine paste - rubbing, wave paste 140, waste cloth 50, P2000 sandpaper 40"
    Expenses:Transport:Ikon:Repairs                     320 INR
        Assets:Household:Cash:Prabu

2020-12-19 * "Casio watch repair"
    Expenses:Consumables                                 10 INR
        Assets:Household:Cash:Prabu

2020-12-19 * "Aswini-Murali - Pragyashree birthday at Kuchipalayam"
    Expenses:Gift:Relatives                             500 INR
        Assets:Household:Cash:Prabu

2020-12-19 * "Maid Meena salary advance 8000 to be repaid from Feb'21 as 2k per month"
    Expenses:Utilities:Maid                            8000 INR
        Assets:Household:Cash:Prabu

2020-12-19 * "Ray petrol"
    Expenses:Transport:Fuel:Ray                         331 INR
        Assets:IciciBank:Kali

2020-12-19 * "Car petrol"
    Expenses:Transport:Fuel:Ikon                       1000 INR
        Assets:IciciBank:Kali

2020-12-19 * "TVS star puncture 80, spark plug changed"
    Expenses:Transport:Star:Repairs                     180 INR
        Assets:Household:Cash:Prabu

2020-12-19 * "Rose flower"
    Expenses:Toiletries                                  20 INR
        Assets:Household:Cash:Prabu

2020-12-19 * "Vitamin B12 injection and syringe"
    Expenses:Medical:Medicine                            19 INR
        Assets:Household:Cash:Prabu

2020-12-19 * "Air checkup for ikon car actual 30Rs"
    Expenses:Transport:Fuel:Ikon                         30 INR
        Assets:Household:Cash:Prabu

2020-12-20 balance  Assets:Household:Cash:Prabu        3215 INR

2020-12-20 * "P2000 sheet 40, 3M marine paste 90"
    Expenses:Transport:Ikon:Repairs                     130 INR
        Assets:Household:Cash:Prabu

2020-12-20 * "Peanut butter - naina amazon pay"
    Expenses:Food:Groceries                             595 INR
        Assets:Household:Amazon:Pay                              -200 INR
        Assets:IciciBank:Kali

2020-12-20 * "Vim soap3x39, odomos3x81, biscuits 112,yippee5x36,att195,sauce87"
    Expenses:Food:Groceries                             574 INR
    Expenses:Toiletries                                 360 INR
    Assets:Household:Amazon:Pay                                -82.77 INR
    Assets:IciciBank:Kali

2020-12-21 * "Car Mechanic Saravanan Tcblm KC Road adv"
    Expenses:Transport:Ikon:Repairs                     200 INR
        Assets:Household:Cash:Prabu

2020-12-21 * "Groundnut cakes"
    Expenses:Food:Chat                                  139 INR
        Assets:Household:Cash:Prabu

2020-12-21 * "Remaining payment made to Radha Driving School"
    Expenses:Transport:Ikon:Insurance                  1000 INR
        Assets:Household:Cash:Prabu

2020-12-21 * "Amma bsnl recharge"
    Expenses:Communication                              699 INR
        Assets:IciciBank:Kali

2020-12-21 * "ponlait 5 days"
    Expenses:Food:Milk                                  550 INR
        Assets:Household:Cash:Cashbox

2020-12-21 * "chocolate"
    Expenses:Food:Chat                                   30 INR
        Assets:Household:Cash:Cashbox

2020-12-22 * "Ray front cover 752,clip/scre4x17,Doom1863 - labour 250- thirumagal "
    Expenses:Transport:Ray:Repairs                     2683 INR
    Expenses:Transport:Ray:Repairs                      250 INR
        Assets:IciciBank:Kali                         -2683 INR
        Assets:Household:Cash:Prabu

2020-12-22 * "ikon fuel pump motor 1800, hose clip 20,40,  anabond50,hose50"
    Expenses:Transport:Ikon:Repairs                    1960 INR
        Assets:IciciBank:Kali                         -1910 INR
        Assets:Household:Cash:Prabu

2020-12-22 * "Helmet cloth 20, kicker cover15, fixing 10"
    Expenses:Transport:Ray:Repairs                       45 INR
        Assets:Household:Cash:Prabu

2020-12-22 * "ikon arumugam electrician 700, mechanic saravanan 700"
    Expenses:Transport:Ikon:Repairs                    1400 INR
        Assets:Household:Cash:Prabu

2020-12-22 * "Banana"
    Expenses:Food:Fruits                                 50 INR
        Assets:Household:Cash:Prabu

2020-12-22 * "Money from Devisri prasanna"
    Expenses:Gift:Relatives                           -2000 INR
        Assets:Household:Cash:Prabu

2020-12-23 * "Christmas Dress for maid meena"
    Expenses:Utilities:Maid                            1000 INR
        Assets:Household:Cash:Prabu

2020-12-23 * "Vegetables, moong115,tur110,dhaniya130,chilli133,pepper110,other groceries"
    Expenses:Food:Vegetables                            190 INR
    Expenses:Food:Groceries                            1421 INR
        Assets:IciciBank:Kali

2020-12-23 * "Bun packet"
    Expenses:Food:Groceries                              40 INR
        Assets:Household:Cash:Prabu

2020-12-24 * "ATM Cash withdrawl"
    Assets:Household:Cash:Prabu                       10000 INR
        Assets:IciciBank:Kali

2020-12-24 * "2nd Computer - Dual Core, 2GBDDR2RAM,320GB HDD,AcerBox"
    Expenses:Capex                                     6000 INR
        Assets:Household:Cash:Prabu

2020-12-24 * "Aniruth Dress T-shirt 190, Shirt 320, pant 595"
    Expenses:Clothes                                1117.00 INR
        Assets:IciciBank:Kali

2020-12-25 * "Manikandan Bakery" "samosa for 2020-01-03"
    Expenses:Food:Chat                                   60 INR
        Assets:Household:Cash:Prabu

2020-12-25 * "Banana"
    Expenses:Food:Fruits                                 50 INR
        Assets:Household:Cash:Prabu

2020-12-24 * "narasus 215"
    Expenses:Food:Groceries                             215 INR
        Assets:IciciBank:Kali

2020-12-25 * "pothys""semia 80, vegetables"
    Expenses:Food:Vegetables                            172 INR
    Expenses:Food:Groceries                              80 INR
        Assets:IciciBank:Kali

2020-12-25 * "mask"
    Expenses:Clothes                                     10 INR
        Assets:Household:Cash:Prabu

2020-12-26 * "milk 6 days"
    Expenses:Food:Milk                                  660 INR
        Assets:Household:Cash:Cashbox

2020-12-27 * "aval 15"
    Expenses:Food:Chat                                   15 INR
        Assets:Household:Cash:Prabu

2020-12-27 * "battery 3x12 AAA"
    Expenses:Consumables                                 36 INR
        Assets:Household:Cash:Prabu

2020-12-27 * "jaggery 23,rava30,toor53"
    Expenses:Food:Groceries                             106 INR
        Assets:Household:Cash:Prabu

2020-12-27 * "unaccounted"
    Expenses:Unaccounted                                 60 INR
        Assets:Household:Cash:Prabu

2020-12-28 * "aniruth gym monthly fees"
    Expenses:Entertainment:Sports                       700 INR
        Assets:Household:Cash:Prabu

2020-12-28 * "Aadhirai basketball dress -siva sports"
    Expenses:Entertainment:Sports                       380 INR
        Assets:Household:Cash:Prabu

2020-12-28 * "bus - reddiarpalayam Vivenkandand - abirami grandmother kariyam"
    Expenses:Transport:Public                            10 INR
        Assets:Household:Cash:Cashbox

2020-12-28 * "egg 17, biscuit 20"
    Expenses:Food:Groceries                              20 INR
    Expenses:Food:Vegetables                             17 INR
        Assets:Household:Cash:Cashbox

2020-12-28 * "Petrol"
    Expenses:Transport:Fuel:Ray                      303.21 INR
        Assets:IciciBank:Kali

2020-12-29 * "bus vanur naina - library"
    Expenses:Transport:Public                            24 INR
        Assets:Household:Cash:Cashbox

2020-12-30 * "bread"
    Expenses:Food:Groceries                              40 INR
        Assets:Household:Cash:Prabu

2020-12-30 * "pothys""urad520,toor275,rava45,incense102,mosquitorepellent132marie59"
    Expenses:Food:Groceries
    Expenses:Toiletries 234
        Assets:IciciBank:Kali   -1133

2020-12-30 * "camphor 30"
    Expenses:Toiletries                                  30 INR
        Assets:Household:Cash:Prabu

2020-12-30 * "timepiece orpat TBB-157"
    Expenses:Capex                                      240 INR
    Assets:Household:Cash:Prabu

2020-12-31 * "Oil vvd 124, thangam 232, sf oil2kg 284, peanut204"
    Expenses:Food:Groceries                             844 INR
        Assets:Household:Cash:Prabu

2020-12-31 * "Petrol ray air checkup 10"
    Expenses:Transport:Fuel:Ray                      279.52 INR
    Assets:IciciBank:Kali
    Assets:Household:Cash:Prabu                         -10 INR

** 2021
*** 2021-01

2021-01-01 * "Manikandan Bakery" "samosa money for 2021-01-08"
    Expenses:Food:Chat                                   60 INR
        Assets:Household:Cash:Prabu

2020-12-31 * "egg 2 times"
    Expenses:Food:Vegetables                             44 INR
        Assets:Household:Cash:Prabu

2021-01-01 * "milk"
    Expenses:Food:Milk                                  506 INR
        Assets:Household:Cash:Cashbox

2021-01-02 * "ATM withdrawl - naina "
    Assets:Household:Cash:Prabu                        5500 INR
        Assets:IciciBank:Kali

2021-01-02 * "Maid salary 2100, pending loan 8k"
    Expenses:Utilities:Maid                            2100 INR
        Assets:Household:Cash:Prabu

2021-01-02 * "unaccounted"
    Expenses:Unaccounted                                  7 INR
        Assets:Household:Cash:Cashbox

2021-01-02 * "money to cashbox"
    Assets:Household:Cash:Cashbox                      2500 INR
        Assets:Household:Cash:Prabu

2021-01-02 * "Indane""gas cylinder"
    Expenses:Utilities:Gas                              740 INR
        Assets:Household:Cash:Prabu

2021-01-03 * "Aniruth haircut"
    Expenses:Toiletries                                  90 INR
        Assets:Household:Cash:Cashbox

2021-01-03 * "Aniruth Hair gel"
    Expenses:Toiletries                                 194 INR
        Assets:IciciBank:Kali

2021-01-04 * "garbage collection"
    Expenses:Utilities:Garbagecollection                150 INR
        Assets:Household:Cash:Cashbox

2021-01-04 * "Fridge capacitor"
    Expenses:Consumables                                 60 INR
        Assets:Household:Cash:Prabu

2021-01-04 * "Dress alteration 2x80,1x50,1x40"
    Expenses:Clothes                                    250 INR
        Assets:Household:Cash:Prabu

2021-01-04 * "mask 20, aravind eye hospital 5"
    Expenses:Clothes                                     25 INR
        Assets:Household:Cash:Prabu

2021-01-04 * "Aravind eye hospital aniruth registration 100"
    Expenses:Medical:Consultation                       100 INR
        Assets:Household:Cash:Prabu

2021-01-04 * "aniruth spectacles 1000 +1290"
    Expenses:Medical:Others                            2290 INR
        Assets:IciciBank:Kali

2021-01-04 * "roshan" "Aniruth skybag"
    Expenses:Clothes                                    940 INR
        Assets:IciciBank:Kali

2021-01-04 * "Varalakshmi athai - pongal ezhavu"
    Expenses:Gift:Relatives                             500 INR
        Assets:Household:Cash:Prabu

2021-01-04 * "Milk prabu"
    Expenses:Food:Milk                                   44 INR
        Assets:Household:Cash:Prabu

2021-01-04 * "Aniruth Dr saravanan visit"
    Expenses:Medical:Consultation                       120 INR
    Expenses:Medical:Medicine                           187 INR
        Assets:Household:Cash:Prabu

2021-01-05 * "lenova toughened glass"
    Expenses:Consumables                                 60 INR
        Assets:Household:Cash:Prabu

2021-01-05 * "ATM withdrawl"
    Assets:Household:Cash:Prabu                        4000 INR
        Assets:IciciBank:Kali

2021-01-05 * "amazon - bourbon90,digestive112,dhara650,urad140,dhara128x6,yippe59x4,ariel825,margo185"
    Expenses:Toiletries                                1010 INR
    Expenses:Food:Groceries
        Assets:IciciBank:Kali                      -2705.91 INR

2021-01-05 * "petrol ray"
    Expenses:Transport:Fuel:Ray                      284.38 INR
        Assets:IciciBank:Kali

2021-01-05 * "avul 20, jaggerry  60, nellikai 30"
    Expenses:Food:Groceries                             110 INR
        Assets:Household:Cash:Prabu

2021-01-06 * "badam pisin 50, , sybol 100 malli 10"
    Expenses:Medical:Medicine                           100 INR
    Expenses:Food:Groceries                              50 INR
    Expenses:Food:Vegetables                             10 INR
    Assets:Household:Cash:Prabu

2021-01-06 * "aniruth friend drivedi balaji birthday"
    Expenses:Gift:Friends                                99 INR
    Assets:Household:Cash:Aniruth                         1 INR
        Assets:Household:Cash:Prabu

2021-01-06 * "unaccounted money found"
    Assets:Household:Cash:Aniruth                        20 INR
    Assets:Household:Cash:Cashbox                        12 INR
        Expenses:Unaccounted

2021-01-06 * "Naina phone 9486055232 recharge"
    Expenses:Communication                              120 INR
    Assets:Household:Amazon:Pay                                    25 INR
        Assets:IciciBank:Kali
        Income:Amazon:Cashback                          -25 INR

2021-01-06 * "milk ponlait"
    Expenses:Food:Milk                                  550 INR
        Assets:Household:Cash:Cashbox

2021-01-06 * "milk ponlait"
    Expenses:Food:Milk                                   44 INR
        Assets:Household:Cash:Cashbox

2021-01-06 * "naina track pant alteration"
    Expenses:Clothes                                     50 INR
        Assets:Household:Cash:Cashbox

2021-01-06 * "unaccounted prabu"
    Expenses:Unaccounted                                 10 INR
        Assets:Household:Cash:Prabu

2021-01-07 balance Assets:Household:Cash:Prabu         4660 INR
2021-01-07 balance Assets:Household:Cash:Cashbox       1939 INR

2021-01-08 * "milk 2 packets"
  Expenses:Food:Milk                                     44 INR
  Assets:Household:Cash:Cashbox

2021-01-08 * "Manikandan Bakery" "samosa for 14Jan, bun2x20"
    Expenses:Food:Chat                                  100 INR
        Assets:Household:Cash:Prabu

2021-01-09 * "plaster for amma"
    Expenses:Medical:Medicine                             5 INR
        Assets:Household:Cash:Prabu

2021-01-09 * "Ration items"
  Expenses:Food:Groceries                               346 INR
  Assets:Household:Cash:Cashbox

2021-01-09 * "Flower for god"
  Expenses:Gift:God                                      30 INR
  Assets:Household:Cash:Cashbox

2021-01-10 * "chow chow 20, kkk21,kkks22,wkkB24,wpeas25,Gpeas37,vellam27"
    Expenses:Food:Vegetables                             20 INR
    Expenses:Food:Groceries                             156 INR
        Assets:Household:Cash:Prabu                     -20 INR
        Assets:IciciBank:Kali

2021-01-10 * "vinayagar temple"
  Expenses:Gift:God                                      50 INR
  Assets:Household:Cash:Cashbox

2021-01-10 * "Vanur bus library"
  Expenses:Transport:Public                              24 INR
  Assets:Household:Cash:Cashbox

2021-01-10 * "chilli powder"
  Expenses:Utilities:Others                              45 INR
  Assets:Household:Cash:Cashbox

2021-01-11 * "milk 5 days"
  Expenses:Food:Milk                                    550 INR
  Assets:Household:Cash:Cashbox

2021-01-11 * "ray petrol"
    Expenses:Transport:Fuel:Ray                      246.67 INR
        Assets:IciciBank:Kali

2021-01-11 * "Miniso speaker usb pin replaced"
    Expenses:Consumables                                120 INR
        Assets:Household:Cash:Prabu

2021-01-11 * "Jio recharge prabu 84days@329, 336days@1299"
    Expenses:Communication                               84 INR
    Expenses:Communication                             1299 INR
     Assets:IciciBank:Kali

2021-01-11 * "venkateswara" "snacks"
    Expenses:Food:Chat                                  180 INR
        Assets:Household:Cash:Prabu

2021-01-11 * "Pothys" "vegetables, fruits at pothys"
    Expenses:Food:Fruits                                 70 INR
    Expenses:Food:Vegetables                            216 INR
    Assets:IciciBank:Kali

2021-01-12 * "the hindu tamil thisai subscription"
    Expenses:Entertainment:Print                       1755 INR
        Assets:IciciBank:Kali

2021-01-12 * "Murunga poo"
  Expenses:Food:Vegetables                               10 INR
  Assets:Household:Cash:Cashbox

2021-01-13 * "Banana"
  Expenses:Food:Fruits                                   60 INR
  Assets:Household:Cash:Cashbox

2021-01-13 * "Anbarasan visit for tap slow water flow FF"
  Expenses:Utilities:Others                              50 INR
  Assets:Household:Cash:Cashbox

2021-01-13 * "Tissue paper 60, vegetables 20"
  Expenses:Toiletries                                    60 INR
  Expenses:Food:Vegetables                               20 INR
  Assets:Household:Cash:Cashbox

2021-01-13 * "petrol ray"
    Expenses:Transport:Fuel:Ray                      319.76 INR
        Assets:IciciBank:Kali

2021-01-13 * "bread at nilgris"
    Expenses:Food:Groceries                              37 INR
        Assets:Household:Cash:Prabu

2021-01-13 * "vegetables poosani"
    Expenses:Food:Vegetables                             20 INR
        Assets:Household:Cash:Prabu

2021-01-13 * "amma metformin sr 500mg100nos, ambroxil 40"
    Expenses:Medical:Medicine                           190 INR
        Assets:Household:Cash:Prabu

2021-01-14 * "Green chilli"
  Expenses:Food:Vegetables                               10 INR
  Assets:Household:Cash:Cashbox

2021-01-14 * "Manikandan Bakery" "samosa 60 for 2021-01-22, breadx2"
    Expenses:Food:Chat                                  100 INR
        Assets:Household:Cash:Prabu

2021-01-14 * "unaccounted missing money - double payment at bakery?"
    Expenses:Unaccounted                                100 INR
        Assets:Household:Cash:Prabu

2021-01-15 balance  Assets:Household:Cash:Prabu        3788 INR

2021-01-15 * "eu de cologne 200ml"
    Expenses:Toiletries                                 192 INR
        Assets:Household:Cash:Prabu

2021-01-16 * "pongal gift for garbage collectors 150, maid meena 100, selvam 100,navneeth"
    Expenses:Gift:Charity                               350 INR
    Expenses:Gift:Relatives                             100 INR
        Assets:Household:Cash:Prabu

2021-01-15 * "pongal gift aniruth, aadhirai, prabu"
  Assets:Household:Cash:Aadhirai                       1500 INR
        Assets:Household:Cash:Prabu

2021-01-16 * "Milk 550 -22 = 528"
  Expenses:Food:Milk                                    528 INR
  Assets:Household:Cash:Cashbox
  Assets:Household:Cash:Prabu                          -500 INR

2021-01-16 * "All-in-one physics and chemistry aniruth"
  Expenses:Education:Books
        Assets:IciciBank:Kali                          -782 INR
        Assets:Household:Amazon:Pay                     -25 INR

2021-01-17 * "chilli and flour milling 140"
  Expenses:Utilities:Others                             140 INR
  Assets:Household:Cash:Cashbox

2021-01-17 * "label 5, print out 10, 0.7mm lead 5, pen 2x5"
    Expenses:Education:Stationary                        30 INR
        Assets:Household:Cash:Prabu

2021-01-18 * "Narasus coffee 251, vegetables nukkol15,onion40,sweetpotato30"
    Expenses:Food:Groceries                             251 INR
    Expenses:Food:Vegetables                             85 INR
        Assets:Household:Cash:Prabu

2021-01-18 * "aadhirai skin betgenta z 90, fusidic acid 130"
    Expenses:Medical:Medicine                           220 INR
        Assets:Household:Cash:Prabu

2021-01-19 balance Assets:Household:Cash:Prabu          560 INR

2021-01-19 * "dinamani paper for 5 days"
  Expenses:Entertainment:Print                           35 INR
  Assets:Household:Cash:Cashbox

2021-01-20 * "jkr" "distilled water lms6 battery inverter"
    Expenses:Consumables                                 50 INR
        Assets:Household:Cash:Prabu

2021-01-20 * "vegetables, toor220, urad,260, noodles120,brownrice119,moong120"
    Expenses:Food:Vegetables                             90 INR
    Expenses:Food:Groceries                            1219 INR
        Assets:IciciBank:Kali

2021-01-20 * "petrol ford ikon"
    Expenses:Transport:Fuel:Ikon                        500 INR
        Assets:IciciBank:Kali

2021-01-20 * "birthday gift Nakshatra"
    Expenses:Gift:Friends                               200 INR
        Assets:Household:Cash:Prabu

2021-01-21 * "Kindle usb charger pin replacement"
    Expenses:Consumables                                150 INR
        Assets:Household:Cash:Prabu

2021-01-21 * "Ray petrol"
    Expenses:Transport:Fuel:Ray                      292.12 INR
        Assets:IciciBank:Kali

2021-01-21 * "Naina ICICI bank ATM withdrawl"
    Assets:Household:Cash:Cashbox                      3000 INR
    Assets:Household:Cash:Prabu                        3000 INR
        Assets:IciciBank:Kali

2021-01-21 * "milk for 5 days"
  Expenses:Food:Milk                                    550 INR
    Assets:Household:Cash:Cashbox

2021-01-22 * "narasus coffee 200g coffee, chicory 50g"
    Expenses:Food:Groceries                             100 INR
        Assets:Household:Cash:Prabu

2021-01-22 * "idly rice 300, broken raw rice 3x35=105"
    Expenses:Food:Groceries                             405 INR
        Assets:IciciBank:Kali

2021-01-22 * "groundnut 2kg"
    Expenses:Food:Groceries                             216 INR
        Assets:Household:Cash:Prabu

2021-01-22 * "Ray N2 air tyre"
    Expenses:Transport:Fuel:Ray                          10 INR
        Assets:Household:Cash:Prabu

2021-01-22 * "Anbarasan" "Flush666 fixing and FF pipe cleaning, TL fixing, moving sockets at GF"
    Expenses:Capex                                     1036 INR
    Expenses:Utilities:Watersupply                           600 INR
        Assets:Household:Cash:Prabu

2021-01-22 * "d-block"
    Expenses:Toiletries                                  25 INR
        Assets:Household:Cash:Prabu

2021-01-22 * "Manikandan Bakery" "samosa 60 for 29-jan, bun"
    Expenses:Food:Chat                                   80 INR
        Assets:Household:Cash:Prabu

2021-01-23 * "Jeeva cdl trip - 75, pongal parvathi 50, broomstick 150, juice 20"
  Expenses:Transport:Public                              75 INR
  Expenses:Utilities:Maid                                50 INR
  Expenses:Utilities:Others                             150 INR
  Expenses:Food:Chat                                     20 INR
  Assets:Household:Cash:Cashbox

2021-01-23 * "bus"
  Expenses:Transport:Public                              18 INR
  Assets:Household:Cash:Cashbox

2021-01-24 * "dinamani"
  Expenses:Entertainment:Print                           14 INR
  Assets:Household:Cash:Cashbox

2021-01-24 * "Soda 10, tomato 10"
  Expenses:Food:Chat                                     10 INR
  Expenses:Food:Vegetables                               10 INR
  Assets:Household:Cash:Cashbox

2021-01-25 * "tomato, carrot 10"
  Expenses:Food:Vegetables                               38 INR
  Assets:Household:Cash:Cashbox

2021-01-25 * "milk 3x22"
  Expenses:Food:Milk                                     66 INR
  Assets:Household:Cash:Cashbox

2021-01-25 * "septilin"
    Expenses:Medical:Medicine                           126 INR
        Assets:Household:Cash:Prabu

2021-01-25 * "Indane""Gas cylinder booking "
  Expenses:Utilities:Gas                             706.50 INR
  Assets:IciciBank:Prabu

2021-01-25 * "ray petrol"
    Expenses:Transport:Fuel:Ray                         200 INR
        Assets:IciciBank:Kali

2021-01-25 * "amazon" "unibicbadam183,surfsoap264,brush154,choicepad312,digeestive1105,bourbon45"
  Expenses:Toiletries                                   730 INR
  Expenses:Food:Groceries                               393 INR
  Assets:IciciBank:Kali

2021-01-25 * "amazon" "keyboard and mouse for Dhanalakshmi and Shivaram"
  Expenses:Gift:Relatives                              1140 INR
  Assets:IciciBank:Kali

2021-01-26 * "milk 660 INR + 66"
  Expenses:Food:Milk                                    726 INR
  Assets:Household:Cash:Cashbox

2021-01-26 * "Gas cylinder delivery"
  Expenses:Utilities:Gas                                 30 INR
  Assets:Household:Cash:Cashbox

2021-01-26 * "Dinamani paper 6 days"
  Expenses:Entertainment:Print                           42 INR
  Assets:Household:Cash:Cashbox

2021-01-27 * "Cash withdrawl - naina ATM"
    Assets:Household:Cash:Prabu                        6000 INR
        Assets:IciciBank:Kali

2021-01-27 * "cauliflower 35, onion 46, lolli pop 20"
  Expenses:Food:Vegetables                               81 INR
  Expenses:Food:Chat                                     20 INR
  Assets:Household:Cash:Cashbox

2021-01-27 * "ghee"
  Expenses:Food:Groceries                               600 INR
  Assets:Household:Cash:Prabu

2021-01-27 * "milk 66 + 44 + 44 + 44 + 66"
  Expenses:Food:Milk                                    264 INR
  Assets:Household:Cash:Cashbox

2021-01-27 * "bus vanur"
  Expenses:Transport:Public                              24 INR
  Assets:Household:Cash:Cashbox

2021-01-27 * "venkateswara" "snacks"
  Expenses:Food:Chat                                    230 INR
  Assets:Household:Cash:Prabu

2021-01-28 * "Ray Fuel"
  Expenses:Transport:Fuel:Ray                        250.91 INR
  Assets:IciciBank:Kali

2021-01-28 * "Pothys""vegetables, noodles"
  Expenses:Food:Groceries                               120 INR
  Expenses:Food:Vegetables                              202 INR
  Assets:IciciBank:Kali

2021-01-28 * "cotton candy"
  Expenses:Food:Chat                                     20 INR
  Assets:Household:Cash:Prabu

2021-01-29 * "star fuel, air checkup"
  Expenses:Transport:Fuel:Star                          210 INR
  Assets:IciciBank:Kali
  Assets:Household:Cash:Prabu                           -10 INR

2021-01-29 * "TNEB Bill payment 440 INR and 350 INR for 02447002285 and 02447002284"
  Expenses:Utilities:Electricity                        790 INR
  Assets:IciciBank:Kali

2021-01-29 * "Insurance renewal for ikon 3001/86899304/07/000"
  Expenses:Transport:Ikon:Insurance                    4667 INR
  Assets:IciciBank:Kali

2021-01-29 * "salt 10, malli 15, cauliflower 35"
  Expenses:Food:Vegetables                               50 INR
  Expenses:Food:Groceries                                10 INR
  Assets:Household:Cash:Cashbox

2021-01-29 * "Gym Aniruth"
    Expenses:Entertainment:Sports                       700 INR
        Assets:Household:Cash:Prabu

2021-01-29 * "bread 40 - samosa not ready today - pending 60"
  Expenses:Food:Groceries                                40 INR
  Assets:Household:Cash:Cashbox

2021-01-30 * "Krishaanth hair cut"
  Expenses:Toiletries                                    80 INR
  Assets:Household:Cash:Cashbox

2021-01-30 * "Indane""Gas cylinder booking "
 Expenses:Utilities:Gas                              706.50 INR
  Assets:IciciBank:Prabu

2021-01-31 * "Thiruvakarai car parking 50, poovarasankuppam narsimar 10"
  Expenses:Gift:God                                      60 INR
  Assets:Household:Cash:Prabu

2021-01-31 * "Karunai kizhangu"
  Expenses:Food:Vegetables                              100 INR
  Assets:Household:Cash:Prabu

2021-01-31 * "bus to valavanur 10, 20"
  Expenses:Transport:Public                              30 INR
  Assets:Household:Cash:Prabu

2021-01-31 * "krishaanth face mask"
  Expenses:Clothes                                       20 INR
  Assets:Household:Cash:Prabu

2021-01-31 * "potato 30"
  Expenses:Food:Vegetables                               30 INR
  Assets:Household:Cash:Cashbox

*** 2021-02

2021-02-01 * "Bribe to Kumararaja at SP office for NCRB report"
  Expenses:Transport:Star:Insurance                     500 INR
  Assets:Household:Cash:Prabu

2021-02-01 * "TVS star Petrol - trip to Vpm and Tindivanam"
  Expenses:Transport:Fuel:Star                          200 INR
    Assets:IciciBank:Kali

2021-02-01 * "milk 550 + 44"
  Expenses:Food:Milk                                    594 INR
  Assets:Household:Cash:Cashbox

2021-02-01 * "gas delivery + pongal 30"
  Expenses:Utilities:Gas                                 60 INR
  Assets:Household:Cash:Cashbox

2021-02-01 * "Pilot v7 cartridge"
    Expenses:Education:Stationary                       100 INR
        Assets:Household:Cash:Prabu

2021-02-01 * "To be transferred"
    Assets:Household:Cash:Prabu                          20 INR
        Assets:Household:Cash:Cashbox

2021-02-01 * "adjustment for excess money"
    Expenses:Unaccounted                                 20 INR
        Assets:Household:Cash:Cashbox

2021-02-02 balance Assets:Household:Cash:Cashbox        345 INR
2021-02-02 balance Assets:Household:Cash:Prabu         4617 INR

2021-02-02 * "ponlait"
  Expenses:Food:Milk                                     66 INR
  Assets:Household:Cash:Cashbox


2021-02-02 * "Money transferred to cashbox"
  Assets:Household:Cash:Cashbox                        2000 INR
    Assets:Household:Cash:Prabu

2021-02-02 * "Vignesh jayachandran- Hema marriage"
  Expenses:Gift:Friends                                 200 INR
  Assets:Household:Cash:Prabu

2021-02-02 * "Hard aval for naina"
  Expenses:Food:Chat                                     30 INR
  Assets:Household:Cash:Prabu

2021-02-02 * "garbage collection"
  Expenses:Utilities:Garbagecollection                  150 INR
  Assets:Household:Cash:Cashbox

2021-02-02 * "maid meena loan repayment 1 of 4"
  Expenses:Utilities:Maid                               100 INR
  Assets:Household:Cash:Cashbox

2021-02-02 * "tomato 20, malli 10"
  Expenses:Food:Vegetables                               30 INR
  Assets:Household:Cash:Cashbox

2021-02-03 * "gurka"
  Expenses:Utilities:Others                              10 INR
  Assets:Household:Cash:Cashbox

2021-02-03 * "ponlait"
  Expenses:Food:Milk                                     66 INR
  Assets:Household:Cash:Cashbox

2021-02-03 * "potato 2kg"
  Expenses:Food:Vegetables                               60 INR
  Assets:Household:Cash:Cashbox

2021-02-03 * "Dinner at Jayaram 350+10, food paradise 1610"
  Expenses:Food:Chat                                   1970 INR
  Assets:IciciBank:Kali                               -1610 INR
  Assets:Household:Cash:Prabu

2021-02-03 * "Cash withdrawl - naina ATM"
  Assets:Household:Cash:Prabu                          6000 INR
  Assets:IciciBank:Kali

2021-02-03 * "Aniruth Birthday party"
  Expenses:Gift:Friends                                4020 INR
  Assets:Household:Cash:Prabu

2021-02-03 * "Gomathi Arun Seemantham, Muthukumaran Hall, sulathanpet"
  Expenses:Gift:Relatives                               500 INR
  Assets:Household:Cash:Prabu

2021-02-04 * "Ray petrol"
  Expenses:Transport:Fuel:Ray                        302.55 INR
  Assets:IciciBank:Kali

2021-02-04 * "malli 60, bread 35, country sugar 60"
  Expenses:Food:Groceries                                95 INR
  Expenses:Food:Vegetables                               60 INR
  Assets:Household:Cash:Prabu

2021-02-05 * "Manikandan Bakery" "samosa for 2021-02-12"
  Expenses:Food:Chat                                     60 INR
  Assets:Household:Cash:Prabu

2021-02-05 * "slipper naina"
  Expenses:Clothes                                      130 INR
  Assets:Household:Cash:Cashbox

2021-02-06 * "dress for sai eswar surendar ganapathy subramanian birthday"
  Expenses:Gift:Friends                                 500 INR
  Assets:IciciBank:Kali

2021-02-06 * "petrol for ikon"
  Expenses:Transport:Fuel:Ikon                          500 INR
  Assets:IciciBank:Kali

2021-02-06 * "Amazon" "Simmtronics DDR2 800Mhz memory for onepc"
  Expenses:Capex                                        559 INR
  Assets:IciciBank:Kali

2021-02-06 * "ponlait" "milk for 5 days"
  Expenses:Food:Milk                                    550 INR
  Assets:Household:Cash:Cashbox

2021-02-07 * "selvam" "tomato10,potato15,biscuit10"
  Expenses:Food:Groceries                                10 INR
  Expenses:Food:Vegetables                               25 INR
  Assets:Household:Cash:Cashbox

2021-02-07 * "villupuram - vandipalayam jayachandran daughter marriage"
  Expenses:Transport:Public                             158 INR
  Expenses:Gift:Relatives                               201 INR
  Assets:Household:Cash:Cashbox

2021-02-07 * "gift for thamarai kannan, son of anpkm soundarapandi"
  Expenses:Gift:Friends                                 500 INR
  Assets:Household:Cash:Prabu

2021-02-07 * "Chocolates"
  Expenses:Gift:Friends                                  40 INR
  Assets:Household:Cash:Prabu

2021-02-07 * "Petrol for star - anpkm trip"
  Expenses:Transport:Fuel:Star                           50 INR
  Assets:Household:Cash:Prabu

2021-02-07 * "Aadhirai Tops 495, palazo bottom "
  Expenses:Clothes                                      690 INR
  Assets:IciciBank:Kali

2021-02-08 * "Pothys" "noodles 108,vermicilli40,marie59,vegetables,fruits16"
  Expenses:Food:Groceries                               207 INR
  Expenses:Food:Fruits                                   16 INR
  Expenses:Food:Vegetables
  Assets:IciciBank:Kali                                -347 INR

2021-02-09 * "Speedometer cable ray85,star140,Ray chokecable 140,yamalube250,starsprocket660"
  Expenses:Transport:Ray:Repairs                        475 INR
  Expenses:Transport:Star:Repairs                       800 INR
  Assets:IciciBank:Kali

2021-02-09 * "ray petrol"
  Expenses:Transport:Fuel:Ray                        302.29 INR
  Assets:IciciBank:Kali

2021-02-09 * "banana"
  Expenses:Food:Fruits                                   40 INR
  Assets:Household:Cash:Prabu

2021-02-10 * "mechanic_rajesh" "Ray speedometer cable, choke/starter cable, engine oil changed 43000kms"
  Expenses:Transport:Ray:Repairs                        150 INR
  Assets:Household:Cash:Prabu

2021-02-10 * "Sathukodi - vasantha athai visit - 85, bread 25"
  Expenses:Food:Groceries                                25 INR
  Expenses:Gift:Relatives                                85 INR
  Assets:Household:Cash:Prabu

2021-02-10 * "Aramex booking for KGI authorisation to collect SET dividends"
  Expenses:Communication                               1053 INR
  Assets:IciciBank:Kali

2021-02-10 * "selvam" "malli5,onion50,tomato10,panneer soda 15"
  Expenses:Food:Vegetables                               65 INR
  Expenses:Food:Chat                                     15 INR
  Assets:Household:Cash:Cashbox

2021-02-11 * "Money taken by naina for milk purchase"
  Assets:Household:Cash:Cashbox                         500 INR
  Assets:Household:Cash:Prabu

2021-02-11 * "ponlait" "milk for 5 days"
  Expenses:Food:Milk                                    550 INR
  Assets:Household:Cash:Cashbox

2021-02-11 * "nettapakkam trip - vasantha athai health - amma, flower 20 "
  Expenses:Transport:Public                              58 INR
  Expenses:Toiletries                                    20 INR
  Assets:Household:Cash:Cashbox

2021-02-12 * "Manikandan Bakery" "samosa for 2021-02-19 - balance 10 to be paid"
  Expenses:Food:Chat                                     50 INR
  Assets:Household:Cash:Prabu

2021-02-12 * "Camlin lead pencil"
  Expenses:Education:Stationary                          25 INR
  Assets:Household:Cash:Prabu

2021-02-12 * "Naina cdl trip life certificate, FD renewal"
  Expenses:Transport:Public                              62 INR
  Expenses:Gift:Friends                                  89 INR
  Assets:Household:Cash:Cashbox

2021-02-13 * "banana karpooravalli"
  Expenses:Food:Fruits                                   80 INR
  Assets:Household:Cash:Prabu

2021-02-13 * "mechanic_rajesh" "Petrol star 300, speedometer fixing20"
  Expenses:Transport:Fuel:Star                          300 INR
  Expenses:Transport:Star:Repairs                        20 INR
  Assets:Household:Cash:Prabu                           -20 INR
  Assets:IciciBank:Kali

2021-02-13 * "Transfer to home cashbox"
  Assets:Household:Cash:Cashbox                        1000 INR
  Assets:Household:Cash:Prabu

2021-02-13 * "TK haircut"
  Expenses:Toiletries                                    90 INR
  Assets:Household:Cash:Cashbox

2021-02-14 * "Sundirect Recharge for 2021-2022"
  Expenses:Entertainment:Television                    2059 INR
  Assets:IciciBank:Kali

2021-02-14 * "Trip to vanur library 2x24"
  Expenses:Transport:Public                              48 INR
  Assets:Household:Cash:Cashbox

2021-02-14 * "vinayagar temple"
  Expenses:Gift:God                                      50 INR
  Assets:Household:Cash:Cashbox

2021-02-15 * "Cash withdrawl from naina ATM"
  Assets:Household:Cash:Prabu                          6000 INR
  Assets:IciciBank:Kali

2021-02-15 * "Manikandan Bakery" "Bun 20, remaining samosa payment 10"
  Expenses:Food:Chat                                     30 INR
  Assets:Household:Cash:Prabu

2021-02-15 * "Mask for naina"
  Expenses:Clothes                                       15 INR
  Assets:Household:Cash:Prabu

2021-02-15 * "Pothys" "onion126, 5-star 20, ginger38, tomato32 other vegetables"
  Expenses:Food:Vegetables                              246 INR
  Expenses:Food:Chat                                     20 INR
  Assets:IciciBank:Kali

2021-02-15 * "Ashram" "Petrol ray, air 10"
  Expenses:Transport:Fuel:Ray                        288.11 INR
  Expenses:Transport:Fuel:Ray                            10 INR
  Assets:IciciBank:Kali                             -288.11 INR
  Assets:Household:Cash:Prabu

2021-02-16 * "ponlait" "milk for 5 days 550 - 44"
  Expenses:Food:Milk                                    506 INR
  Assets:Household:Cash:Cashbox

2021-02-16 * "Narasus" "Coffee 200g Master 60:40, 50gx2pure instant"
  Expenses:Food:Groceries                               247 INR
  Assets:IciciBank:Kali

2021-02-16 * "Pothys" "grapes 30, urad520,tur110,moong115,gram75,asoefteda160,pepper55,chilli80"
  Expenses:Food:Fruits                                   30 INR
  Expenses:Food:Groceries                              1498 INR
  Assets:IciciBank:Kali

2021-02-16 * "aniruth - naina paste namboodiri brand"
  Expenses:Toiletries                                    38 INR
  Assets:Household:Cash:Cashbox

2021-02-17 * "purushotham" "ikon petrol"
  Expenses:Transport:Fuel:Ikon                          600 INR
  Assets:IciciBank:Kali

2021-02-17 * "Ravi" "chana 4 varities 1.25kg"
  Expenses:Food:Groceries                               104 INR
  Assets:IciciBank:Kali

2021-02-17 * "Jaya Emporium" " Aadhirai Nail polish"
  Expenses:Toiletries                                    55 INR
  Assets:Household:Cash:Prabu

2021-02-17 * "ragi flour at II main rd flour mill"
  Expenses:Food:Groceries                                50 INR
  Assets:Household:Cash:Cashbox

2021-02-17 * "Mask for aadhirai, amma"
  Expenses:Clothes                                       20 INR
  Assets:Household:Cash:Prabu

2021-02-17 * "Banana 2.5kg"
  Expenses:Food:Fruits                                   50 INR
  Assets:Household:Cash:Prabu

2021-02-17 * "Maavu rawrice"
  Expenses:Food:Groceries                               300 INR
  Assets:Household:Cash:Prabu

2021-02-18 * "niligris" "sandwich bread"
  Expenses:Food:Groceries                                57 INR
  Assets:Household:Cash:Prabu

2021-02-18 * "pothys" "tur330,onion86,cheese84,paneer73,grapes15 other vegs"
  Expenses:Food:Groceries                               531 INR
  Expenses:Food:Fruits                                   15 INR
  Expenses:Food:Vegetables                              162 INR
  Assets:IciciBank:Kali

2021-02-18 * "prabu slipper"
  Expenses:Clothes                                      400 INR
  Assets:Household:Cash:Prabu

2021-02-19 * "oil can plastic"
  Expenses:Consumables                                   10 INR
  Assets:Household:Cash:Prabu

2021-02-19 * "thanigai traders" "mayur raw rice 1320, pothys 1370,vazhudavur road 1350"
  Expenses:Food:Groceries                              1320 INR
  Assets:IciciBank:Kali

2021-02-19 * "haajiar oil mill" "vvd 130/145,thangam120/135,raw peanut 112"
  Expenses:Food:Groceries                               362 INR
  Assets:Household:Cash:Prabu

2021-02-19 * "Aurobindo Udyog" "Ray petrol"
  Expenses:Transport:Fuel:Ray                        345.17 INR
  kmsonDial: 43135
  Assets:IciciBank:Kali

2021-02-19 * "Manikandan Bakery" "samosa for 2021-02-26"
  Expenses:Food:Chat                                     60 INR
  Assets:Household:Cash:Prabu

2021-02-19 * "sandpaper 150,220, 80 to remove rust in tvs star"
  Expenses:Transport:Star:Repairs                        50 INR
  Assets:Household:Cash:Prabu

2021-02-19 * "Aniruth Trip to Suriyan house - Auroville"
  Expenses:Entertainment:Others                          50 INR
  Assets:Household:Cash:Cashbox

2021-02-19 * "Ration" "Ration items - TK card"
  Expenses:Food:Groceries                               155 INR
  Assets:Household:Cash:Cashbox

2021-02-20 balance Assets:Household:Cash:Cashbox        443 INR
2021-02-20 balance Assets:Household:Cash:Prabu         5308 INR

2021-02-20 * "transfer to cashbox"
  Assets:Household:Cash:Cashbox                        2000 INR
  Assets:Household:Cash:Prabu

2021-02-20 * "ikon car tyre mouth puncture - front right - with mrf tube"
  Expenses:Transport:Ikon:Repairs                       120 INR
  Assets:Household:Cash:Prabu

2021-02-20 * "kV Tex" "Aniruth track pant"
  Expenses:Clothes                                      219 INR
  Assets:IciciBank:Kali

2021-02-20 * "Aniruth crocs model slipper"
  Expenses:Clothes                                      500 INR
  Assets:IciciBank:Kali

2021-02-21 * "ponlait" "milk for 5 days"
  Expenses:Food:Milk                                    550 INR
  Assets:Household:Cash:Cashbox

2021-02-22 * "Aniruth Auroville Tatsat birthday"
  Expenses:Gift:Friends                                 150 INR
  Assets:Household:Cash:Cashbox

2021-02-22 * "pothys""carrot2kg38,karpooravalli45@97,yippee144,avarai30,potato30,etc"
  Expenses:Food:Groceries                               144 INR
  Expenses:Food:Fruits                                   97 INR
  Expenses:Food:Vegetables                              155 INR
  Assets:IciciBank:Kali

2021-02-22 * "country sugar"
  Expenses:Food:Groceries                                60 INR
  Assets:Household:Cash:Prabu

2021-02-23 * "Re-Registration fees,RC Renewel,smartcard fee TVS Star Tindivanam RTO"
  Expenses:Transport:Star:Insurance                    2653 INR
  Assets:IciciBank:Kali

2021-02-23 * "Payment + print out charges"
  Expenses:Transport:Star:Insurance                      30 INR
  Assets:Household:Cash:Prabu

2021-02-23 * "TVS Star Air-checkup"
  Expenses:Transport:Fuel:Star                           10 INR
  Assets:Household:Cash:Prabu

2021-02-23 * "Flour milling charges"
  Expenses:Utilities:Others                              56 INR
  Assets:Household:Cash:Cashbox

2021-02-23 * "garlice 1/2kg"
  Expenses:Food:Groceries                                55 INR
  Assets:Household:Cash:Cashbox

2021-02-24 * "chocolate 2x10,4x10,2x10,4x5, biscuits 40"
  Expenses:Gift:Relatives                                60 INR
  Expenses:Gift:Friends                                  60 INR
  Expenses:Food:Chat                                     19 INR
  Assets:Household:Cash:Prabu

2021-02-24 * "onion 2kgx35 at kpm"
  Expenses:Food:Vegetables                               70 INR
  Assets:Household:Cash:Prabu

2021-02-24 * "4-key lock for kpm main gate"
  Expenses:Kpmhouse:Capex                               120 INR
  Assets:Household:Cash:Prabu

2021-02-24 * "Aswath" "8 blubs ESSL 9w@70"
  Expenses:Consumables                                  560 INR
  Assets:IciciBank:Kali

2021-02-24 * "Krishna" "Ray petrol"
  Expenses:Transport:Fuel:Ray                           300 INR
  Assets:IciciBank:Kali

2021-02-24 * "kasi color company" "Acid for cleaning pipeline 10l can"
  Expenses:Toiletries                                   300 INR
  Assets:Household:Cash:Prabu

2021-02-24 * "madras paper mart" "v7 cartridge 2x30, whiteboard marker ink refill"
  Expenses:Education:Stationary                          93 INR
  Assets:Household:Cash:Prabu

2021-02-25 * "Payment & print out charges for RTO fees"
  Expenses:Transport:Star:Insurance                      60 INR
  Assets:Household:Cash:Prabu

2021-02-25 * "Green Tax 500, 2nd time Renewel of RC fees, smartcard fee 550"
  Expenses:Transport:Star:Insurance                     550 INR
  Expenses:Transport:Star:Insurance                     500 INR
  Assets:IciciBank:Kali

2021-02-25 * "Jkay Agencies" "Trip to Tindivanam RTO to fix Renewal of RC issues"
  Expenses:Transport:Fuel:Star                          300 INR
  Assets:IciciBank:Kali

2021-02-25 * "Angalamman" "premier Grinder belt change + service charges"
  Expenses:Consumables                                  250 INR
  Assets:Household:Cash:Prabu

2021-02-25 * "Gurka"
  Expenses:Utilities:Others                              10 INR
  Assets:Household:Cash:Cashbox


2021-02-26 * "Swamy electricals" "Brass valve 1 440, other fittings"
  Expenses:Consumables                                  817 INR
  Assets:IciciBank:Kali

2021-02-26 * "RK electricals" "2 dummy 1 plastic"
  Expenses:Consumables                                   10 INR
  Assets:Household:Cash:Prabu

2021-02-26 * "Tank and sump cleaning gloves 40, screws 100+50+50"
  Expenses:Consumables                                  200 INR
  Assets:Household:Cash:Prabu

2021-02-26 * "icon hardwares" "1/2 CP Angle valve"
  Expenses:Consumables                                  350 INR
  Assets:Household:Cash:Prabu

2021-02-26 * "Jai palace" "vboard 6'x2.5'size 12mm OHT Tank cover 600, transport 200"
  Expenses:Consumables                                  800 INR
  Assets:Household:Cash:Prabu

2021-02-26 * "manikandan bakery" "samosa 6x10 for 2021-03-05"
  Expenses:Food:Chat                                     60 INR
  Assets:Household:Cash:Prabu

2021-02-26 * "Tank and sump cleaning, acid wash at FF, cot fixing 26 screws, fixed all taps"
  Expenses:Utilities:Watersupply                       2000 INR
  Assets:IciciBank:Prabu

2021-02-26 * "Tatsat birthday party at Mall"
  Expenses:Gift:Friends                                 150 INR
  Assets:Household:Cash:Cashbox

2021-02-26 * "ponlait" "milk for 3 days"
  Expenses:Food:Milk                                    330 INR
  Assets:Household:Cash:Cashbox

2021-02-27 * "swamy electricals" "exchanged 147 worth items with 150 - wash basin waste hose3x50"
  Expenses:Toiletries                                     3 INR
  Assets:Household:Cash:Prabu

2021-02-27 * "Recharged Ananth Mama Fastag TN31BD3809 upi netc.TN31BD3809@idfcnetc"
  Expenses:Gift:Relatives                              2100 INR
  Assets:IciciBank:Prabu

2021-02-27 * "Ananth mama returned money for dell kb/mouse1140 and upi payment for fastag today 2100"
  Assets:Household:Cash:Prabu                          3240 INR
  Expenses:Gift:Relatives

2021-02-27 * "Sri Rexine House" "TVS Star number Fsticker50+Number plate50+10+Rsticker40, seat cover 150"
  Expenses:Transport:Star:Repairs                       300 INR
  Assets:Household:Cash:Prabu                          -100 INR
  Assets:IciciBank:Kali

2021-02-28 * "Manikandan Bakery" "bread"
  Expenses:Food:Groceries                                20 INR
  Assets:Household:Cash:Prabu

2021-02-28 * "onion 3kg@100"
  Expenses:Food:Vegetables                              100 INR
  Assets:Household:Cash:Prabu

2021-02-28 * "Transferred money to cashbox"
  Assets:Household:Cash:Cashbox                        1000 INR
  Assets:Household:Cash:Prabu

*** 2021-03

2021-03-01 balance Assets:Household:Cash:Prabu         2653 INR
2021-03-01 balance Assets:Household:Cash:Cashbox       2142 INR

2021-03-01 * "Fitness gym" "Aniruth gym fees"
  Expenses:Entertainment:Sports                         700 INR
  Assets:Household:Cash:Prabu

2021-03-01 * "Amul diced Cheese"
  Expenses:Food:Groceries                               103 INR
  Assets:IciciBank:Kali

2021-03-01 * "Fosroc Nitcobond SBR 2x450 for OHT tank leak repair"
  Expenses:Capex                                        900 INR
  Assets:Household:Cash:Prabu

2021-03-01 * "cement 5kg"
  Expenses:Capex                                         50 INR
  Assets:Household:Cash:Prabu

2021-03-01 * "tomato 3kg@50, sugar beat 20, pudhina 30, sugar 38"
  Expenses:Food:Vegetables                              100 INR
  Expenses:Food:Groceries                                38 INR
  Assets:Household:Cash:Prabu

2021-03-01 * "venkateswara sweets" "ompodi,karaboondhi,elladai,mixer,pica sev"
  Expenses:Food:Chat                                    225 INR
  Assets:Household:Cash:Prabu

2021-03-01 * "Aurobindo Udyog" "Ray petrol @43282"
  Expenses:Transport:Fuel:Ray                           305 INR
  Assets:IciciBank:Kali

2021-03-01 * "nilgris" "bread"
  Expenses:Food:Groceries                                58 INR
  Assets:Household:Cash:Prabu

2021-03-01 * "ponlait" "milk 5 days"
  Expenses:Food:Milk                                    550 INR
  Assets:Household:Cash:Cashbox

2021-03-01 * "pkwa" "garbage collection"
  Expenses:Utilities:Garbagecollection                  150 INR
  Assets:Household:Cash:Cashbox

2021-03-01 * "meena" "loan 2 of 5 2k withheld ,paid 100"
  Expenses:Utilities:Maid                               100 INR
  Assets:Household:Cash:Cashbox

2021-03-01 * "naina trip to cdl"
  Expenses:Transport:Public                              52 INR
  Assets:Household:Cash:Cashbox

2021-03-02 * "avul 30, mask 20, gift cover 25"
  Expenses:Education:Stationary                          25 INR
  Expenses:Clothes                                       20 INR
  Expenses:Food:Groceries                                30 INR
  Assets:Household:Cash:Prabu

2021-03-02 * "Cash withdrawl naina ICICI ATM"
  Assets:Household:Cash:Prabu                          4000 INR
  Assets:IciciBank:Kali

2021-03-02 * "property tax and water tax - tcblm panchayat"
  Expenses:Utilities:Propertytax                        910 INR
  Assets:Household:Cash:Cashbox

2021-03-02 * "bus to vanur"
  Expenses:Transport:Public                              79 INR
  Assets:Household:Cash:Cashbox

2021-03-02 * "aniruth haircut"
  Expenses:Toiletries                                   100 INR
  Assets:Household:Cash:Cashbox

2021-03-03 * "Aurobindo Udyog" "Star petrol reserve @75284 filled @75312"
  Expenses:Transport:Fuel:Star                          300 INR
  Assets:IciciBank:Kali

2021-03-03 * "mechanic_rajesh" "Ray speedometer drive@120 changed labour@50"
  Expenses:Transport:Ray:Repairs                        170 INR
  Assets:Household:Cash:Prabu

2021-03-04 * "Naresh Electronics" "LED rechargeable light"
  Expenses:Capex                                        120 INR
  Assets:Household:Cash:Prabu

2021-03-04 * "Adv given to Mason Babu for fixing OHT Tank leak 2x2 hrs"
  Expenses:Utilities:Watersupply                        500 INR
  Assets:Household:Cash:Prabu

2021-03-05 * "Remaining payment made to Babu Mason - cleaned tank 2 hrs, endcap 2x1.25 inch -50"
  Expenses:Utilities:Watersupply                        250 INR
  Expenses:Consumables                                   50 INR
  Assets:Household:Cash:Prabu

2021-03-05 * "Transferred money to Cashbox"
  Assets:Household:Cash:Cashbox                        1500 INR
  Assets:Household:Cash:Prabu

2021-03-05 * "Thirumoolar" "country sugar"
  Expenses:Food:Groceries                                60 INR
  Assets:Household:Cash:Prabu

2021-03-05 * "pothys" "carrot 36,potato10,ladysfinger10,tomato28,avarai 22,morris 11,noodles 6x29=174"
  Expenses:Food:Groceries                               174 INR
  Expenses:Food:Fruits                                   11 INR
  Expenses:Food:Vegetables                              108 INR
  Assets:IciciBank:Kali

2021-03-05 * "amazon" "farmlite112,oreo504,eclairs 221, bikano peanut197,aloo bhujia,oil625,solimo sauce75,vim104"
  Expenses:Toiletries                                   104 INR
  Expenses:Food:Chat                                    615 INR
  Expenses:Food:Groceries                              1316 INR
  Income:Amazon:Cashback
  Assets:IciciBank:Kali                            -1933.25 INR

2021-03-05 * "manikandan Bakery" "samosa for 2021-03-12, bread 20, elladai 20"
  Expenses:Food:Chat                                     80 INR
  Expenses:Food:Groceries                                20 INR
  Assets:Household:Cash:Prabu

2021-03-06 * "ponlait" "milk for 5 days"
  Expenses:Food:Milk                                    550 INR
  Assets:Household:Cash:Cashbox

2021-03-06 * "egg"
  Expenses:Food:Vegetables                                9 INR
  Assets:Household:Cash:Cashbox

2021-03-07 * "white onion 4kg@100"
  Expenses:Food:Vegetables                              100 INR
  Assets:Household:Cash:Prabu

2021-03-07 * "vinyagar temple"
  Expenses:Gift:God                                      50 INR
  Assets:Household:Cash:Cashbox

2021-03-08 * "A2Z" "XStar Energy Pvt Ltd - usb cable XT-01"
  Expenses:Capex                                        120 INR
  Assets:Household:Cash:Prabu

2021-03-08 * "Pothys" "fortune atta170,sugar3@111,unibicbadam1kg@120,vermicilli850gm@40"
  Expenses:Food:Groceries                               441 INR
  Assets:IciciBank:Kali

2021-03-08 * "aadhirai hair clip 2x18"
  Expenses:Toiletries                                    36 INR
  Assets:Household:Cash:Prabu

2021-03-09 * "Manikandan Bakery" "bread purchase by Aniruth"
  Expenses:Food:Groceries                                20 INR
  Assets:Household:Cash:Prabu

2021-03-09 * "onion"
  Expenses:Food:Vegetables                               50 INR
  Assets:Household:Cash:Cashbox

2021-03-10 * "egg 2nos"
  Expenses:Food:Vegetables                                9 INR
  Assets:Household:Cash:Cashbox

2021-03-10 * "prabu haircut at kvnagar saloon"
  Expenses:Toiletries                                    90 INR
  Assets:Household:Cash:Prabu

2021-03-10 * "Aadhirai lace for tying at the knee"
  Expenses:Clothes                                       10 INR
  Assets:Household:Cash:Prabu

2021-03-11 * "pothys" "vegetables 98, fruits 70"
  Expenses:Food:Fruits                                   70 INR
  Expenses:Food:Vegetables                               98 INR
  Income:Pothys:Cashback

2021-03-11 * "Nithya" "broomstick - multi-spread out type"
  Expenses:Toiletries                                   110 INR
  Assets:Household:Cash:Prabu

2021-03-11 * "ration"
  Expenses:Food:Groceries                               155 INR
  Assets:Household:Cash:Cashbox

2021-03-11 * "ponlait" "milk for 5 days"
  Expenses:Food:Milk                                    550 INR
  Assets:Household:Cash:Cashbox

2021-03-12 * "Thaneegai" "Idly rice 10kg - sembaruthi"
  Expenses:Food:Groceries                               300 INR
  Assets:IciciBank:Kali

2021-03-12 * "Aurobindho udyog" "Ray petrol"
  Expenses:Transport:Fuel:Ray                        307.78 INR
  Assets:IciciBank:Kali

2021-03-12 * "Ravi Traders" "sundal daals 5 types"
  Expenses:Food:Groceries                               110 INR
  Assets:IciciBank:Kali

2021-03-12 * "manikandan bakery" "samosa for next week 2021-03-19, 2 extra for today"
  Expenses:Food:Chat                                     80 INR
  Assets:Household:Cash:Prabu

2021-03-12 * "ponlait" "milk extra"
  Expenses:Food:Milk                                     44 INR
  Assets:Household:Cash:Cashbox

2021-03-13 balance Assets:Household:Cash:Prabu         1191 INR

2021-03-13 * "Chennai Silks" "Aadhirai 3xtops -jean 795, black 1295, coat type 995"
  Expenses:Clothes                                     3085 INR
  Assets:IciciBank:Kali

2021-03-13 * "Tailor Vijayakumari" " embroidery work in the silk top for aadhirai"
  Expenses:Clothes                                      500 INR
  Assets:Household:Cash:Prabu

;; Naina found the barrel this morning and took me there.

2021-03-14 * "barrel purchase from Veedol dealer near Autoexpress/KFC, Pattanur"
  Expenses:Capex                                        600 INR
  Assets:Household:Cash:Prabu

2021-03-14 * "Murugesan" "kpm water handpump fixed -spares from pump @2ndfloor kpm"
  Expenses:Kpmhouse:Repairs                             850 INR
  Assets:IciciBank:Prabu

2021-03-15 * "green basket" "eyetex dreams mosquito repellent 45x3 pack"
  Expenses:Toiletries                                   119 INR
  Assets:IciciBank:Prabu

2021-03-15 * "green 20, cauliflower 30, banana 20, green banana 2kg@50"
  Expenses:Food:Vegetables                               50 INR
  Expenses:Food:Fruits                                   70 INR
  Assets:Household:Cash:Prabu

2021-03-15 * "Angalamman" "sumeet mixie repair - overload switch gone faulty"
  Expenses:Consumables                                  100 INR
  Assets:Household:Cash:Prabu

2021-03-15 * "money paid online for anbarasan 1190 to tangedco job appln"
  Expenses:Gift:Friends                                1190 INR
  Assets:IciciBank:Prabu

2021-03-15 * "cash returned by anbarasan for tangedco job appln"
  Assets:Household:Cash:Prabu                          1000 INR
  Expenses:Gift:Friends

2021-03-15 * "ponlait" "milk extra"
  Expenses:Food:Milk                                     22 INR
  Assets:Household:Cash:Cashbox

2021-03-15 * "gas cylinder delivery charge only"
  Expenses:Utilities:Gas                                 30 INR
  Assets:Household:Cash:Cashbox

2021-03-16 * "Cash taken to cashbox by naina"
  Assets:Household:Cash:Cashbox                         500 INR
  Assets:Household:Cash:Prabu

2021-03-16 * "ponlait" "milk for 5 days"
  Expenses:Food:Milk                                    550 INR
  Assets:Household:Cash:Cashbox

2021-03-16 * "Naina ATM Cash withdrawl"
  Assets:Household:Cash:Prabu                          6000 INR
  Assets:IciciBank:Kali

2021-03-16 * "chellamuthu" "Screen cloth 10metres*70, tape 8x7=56 stitching labour 200"
  Expenses:Clothes                                      956 INR
  Assets:Household:Cash:Prabu

2021-03-16 * "Aadhirai Patiala 170, leggings 4x80"
  Expenses:Clothes                                      490 INR
  Assets:Household:Cash:Prabu

2021-03-16 * "garlic"
  Expenses:Food:Groceries                               100 INR
  Assets:Household:Cash:Cashbox

2021-03-17 * "manikandan bakery" "bread 20"
  Expenses:Food:Groceries                                20 INR
  Assets:Household:Cash:Prabu

2021-03-17 * "rajaganapathy" "paracetamol 44, tissue paper 66"
  Expenses:Medical:Medicine                             100 INR
  Assets:Household:Cash:Prabu

2021-03-17 * "Money transferred to cashbox"
  Assets:Household:Cash:Cashbox                        2500 INR
  Assets:Household:Cash:Prabu

2021-03-17 * "vanur bus"
  Expenses:Transport:Public                              27 INR
  Assets:Household:Cash:Cashbox

2021-03-18 * "nilgris" "bread"
  Expenses:Food:Groceries                                57 INR
  Assets:Household:Cash:Prabu

2021-03-18 * "kottakuppam screen cloth 8mx70"
  Expenses:Clothes                                      560 INR
  Assets:Household:Cash:Prabu

2021-03-18 * "A.E.Duraiswami&co" "amul cheese 1kg 500gx2 block"
  Expenses:Food:Groceries                               448 INR
  Assets:IciciBank:Kali

2021-03-18 * "spinach"
  Expenses:Food:Vegetables                               10 INR
  Assets:Household:Cash:Prabu

2021-03-18 * "pothys" "yippee116,jaggery57,macroni38,chilli40,grapes45,ginger23,cabbage,tomato"
  Expenses:Food:Fruits                                   45 INR
  Expenses:Food:Groceries                               251 INR
  Expenses:Food:Vegetables                               63 INR
  Assets:IciciBank:Kali
  Income:Pothys:Cashback                                -94 INR

2021-03-19 * "seenu_Carpenter""removed 220l plastic barrel cover for the temp OHT tank"
  Expenses:Capex                                        100 INR
  Assets:Household:Cash:Prabu

2021-03-19 * "Jai palace" "blade for cutting iron"
  Expenses:Consumables                                   30 INR
  Assets:Household:Cash:Prabu

2021-03-19 * "swamy electricals" "plumbing items"
  Expenses:Capex                                        306 INR
  Assets:IciciBank:Jeeva

2021-03-19 * "chockalingam" "GI elbow and GI Bushnet"
  Expenses:Capex                                        145 INR
  Assets:Household:Cash:Prabu

2021-03-19 * "icon traders" " 1inch valve 55, 1inch elbow 17"
  Expenses:Capex                                         71 INR
  Assets:Household:Cash:Prabu

2021-03-19 * "Manikandan Bakery" "samosa for next week 2021-03-26, and 1 extra today"
  Expenses:Food:Chat                                     70 INR
  Assets:Household:Cash:Prabu

2021-03-19 * "anbarasan" "fixing the temp tank for use"
  Expenses:Utilities:Watersupply                        400 INR
  Assets:Household:Cash:Prabu

2021-03-20 * "Ashwin Minerals" "New water can 140, water refill #1 15"
  Expenses:Capex                                        140 INR
  Expenses:Utilities:Watersupply                         15 INR
  Assets:Household:Cash:Prabu

2021-03-20 * "Aurobindo Udyog" "Ray petrol @43645"
  Expenses:Transport:Fuel:Ray                        368.97 INR
  Assets:IciciBank:Jeeva

2021-03-20 * "gurkha"
  Expenses:Utilities:Others                              10 INR
  Assets:Household:Cash:Cashbox

2021-03-20 * "sathya party - aniruth friend"
  Expenses:Gift:Friends                                 300 INR
  Assets:Household:Cash:Cashbox

2021-03-21 * "temple"
  Expenses:Gift:God                                      10 INR
  Assets:Household:Cash:Cashbox

2021-03-21 * "ponlait" "milk for 5 days"
  Expenses:Food:Milk                                    550 INR
  Assets:Household:Cash:Cashbox

;; The below assertions will fail as they are for beginning of day.
;; But the spendings already happened. The below entries are for cross check only
;; 2021-03-21 08:12AM Assets:Household:Cash:Prabu 707 INR ;; balance Assets:Household:Cash:Cashbox 1685 INR


2021-03-21 * "selvam stores" "egg 5nos"
  Expenses:Food:Vegetables                               20 INR
  Assets:Household:Cash:Prabu

2021-03-21 * "A2Z" "headset samsung outear EHS64 -200, xstar usb cable 120"
  Expenses:Capex                                        320 INR
  Assets:IciciBank:Jeeva

2021-03-21 * "Ashwin minerals" "water refill #2"
  Expenses:Utilities:Watersupply                         15 INR
  Assets:Household:Cash:Prabu

2021-03-22 * "onion 5kg @100"
  Expenses:Food:Vegetables                              100 INR
  Assets:Household:Cash:Prabu

2021-03-22 * "pothys" "grapes 50, ragi vermicilli 25, noodles 203"
  Expenses:Food:Fruits                                   50 INR
  Expenses:Food:Groceries                                25 INR
  Expenses:Gift:Friends                                 203 INR
  Assets:IciciBank:Jeeva

2021-03-22 * "money given by david amma - meena for noodles"
  Assets:Household:Cash:Prabu                           203 INR
  Expenses:Gift:Friends

2021-03-22 * "ponalit" "butter scotch 1l@160, Chocolate500ml@80INR"
  Expenses:Food:Chat                                    240 INR
  Assets:Household:Cash:Prabu

2021-03-22 * "Aurobindo Udyog" " Nitrogen filling"
  Expenses:Transport:Fuel:Ray                            10 INR
  Assets:Household:Cash:Prabu

2021-03-22 * "tape for stitching screen 6mx7INR"
  Expenses:Clothes                                       42 INR
  Assets:Household:Cash:Prabu

2021-03-22 * "ATM cash withdrawl jeeva atm card"
  Assets:Household:Cash:Prabu                          5000 INR
  Assets:IciciBank:Jeeva

2021-03-23 * "Ashwin minerals" "water refill #3"
  Expenses:Utilities:Watersupply                         15 INR
  Assets:Household:Cash:Prabu

2021-03-23 * "Techno Solutions" "zycosil+250ml@600,zycoprime1l@300 - Tank repair"
  Expenses:Capex                                        900 INR
  Assets:Household:Cash:Prabu

2021-03-23 * "Subbu Nadaraja" "CUMI coarse Grinding stone - Tank repair"
  Expenses:Capex                                        110 INR
  Assets:Household:Cash:Prabu

2021-03-23 * "spinach - siru keerai 20, banana 20"
  Expenses:Food:Vegetables                               20 INR
  Expenses:Food:Fruits                                   20 INR
  Assets:Household:Cash:Prabu

2021-03-24 * "Ashwin minerals" "water can refill #4"
  Expenses:Utilities:Watersupply                         20 INR
  Assets:Household:Cash:Prabu

2021-03-24 * "onion 50, banana kai 20"
  Expenses:Food:Vegetables                               70 INR
  Assets:Household:Cash:Cashbox

2021-03-25 * "greens 15, banana 35, water melon 20"
  Expenses:Food:Vegetables                               15 INR
  Expenses:Food:Fruits                                   55 INR
  Assets:Household:Cash:Prabu

2021-03-25 * "nilgiris" "bread crumbs 25, bread 56"
  Expenses:Food:Groceries                                81 INR
  Assets:Household:Cash:Prabu

2021-03-25 * "narasus" "200g@218, sukku 200g@76, pure 50g72, 2@2rs"
  Expenses:Food:Groceries                               370 INR
  Assets:Household:Cash:Prabu

2021-03-25 * "hajiar oil store" "rice bran 4.5kg@154 - 693, peanut 126"
  Expenses:Food:Groceries                               819 INR
  Assets:Household:Cash:Prabu

2021-03-25 * "Aurobindo udyog" "petrol for ray"
  Expenses:Transport:Fuel:Ray                           291 INR
  Assets:IciciBank:Jeeva

2021-03-25 * "JKR Batteries" "Ford ikon Battery"
  Expenses:Transport:Ikon:Repairs                      3900 INR
  Assets:IciciBank:Jeeva

2021-03-25 * "Study school" "Aniruth fees@29950, aadhirai fees@19550"
  Expenses:Education:Fees                             49500 INR
  Assets:IciciBank:Prabu

2021-03-25 * "Pothys" "orysa oil 140, mysore sandal4x73,vegetables - cash refund 5"
  Expenses:Food:Groceries                               135 INR
  Expenses:Toiletries                                   292 INR
  Expenses:Food:Vegetables                              121 INR
  Assets:Household:Cash:Prabu                             5 INR
  Assets:IciciBank:Jeeva

2021-03-25 * "chellamuthu" "screen stitching"
  Expenses:Clothes                                      400 INR
  Assets:Household:Cash:Prabu

2021-03-26 * "Ashwin minerals" "water can refill #5"
  Expenses:Utilities:Watersupply                         15 INR
  Assets:Household:Cash:Prabu

2021-03-26 * "Manikandan Bakery" "samosa for 2021-04-02"
  Expenses:Food:Chat                                     60 INR
  Assets:Household:Cash:Prabu

2021-03-26 * "Mass beauty parlour" "Aadhirai Haircut"
  Expenses:Toiletries                                   100 INR
  Assets:Household:Cash:Prabu

2021-03-26 * "Aadhirai hairband"
  Expenses:Toiletries                                    10 INR
  Assets:Household:Cash:Prabu

2021-03-26 * "petrol for ford ikon"
  Expenses:Transport:Fuel:Ikon                          700 INR
  Assets:IciciBank:Jeeva

2021-03-26 * "spinach"
  Expenses:Food:Vegetables                               20 INR
  Assets:Household:Cash:Cashbox

2021-03-26 * "ponlait" "milk for 6 days"
  Expenses:Food:Milk                                    660 INR
  Assets:Household:Cash:Cashbox

2021-03-27 * "Ashwin minerals" "water can refill #6"
  Expenses:Utilities:Watersupply                         15 INR
  Assets:Household:Cash:Prabu

2021-03-27 * "missing 100rs"
  Expenses:Unaccounted                                  100 INR
  Assets:Household:Cash:Prabu

2021-03-29 * "Ashwin minerals" "water can refill #7"
  Expenses:Utilities:Watersupply                         15 INR
  Assets:Household:Cash:Prabu

2021-03-29 * "Vijay paints" "Asian Paints smartcare-triblock-epoxy 1kg@430, JK white cement"
  Expenses:Capex                                        460 INR
  Assets:IciciBank:Jeeva

2021-03-29 * "Nilgiris" "bread"
  Expenses:Food:Groceries                                57 INR
  Assets:Household:Cash:Prabu

2021-03-29 * "Central Cycle stores" "break shoe for naina cycle 4Nos"
  Expenses:Transport:Cycle                               20 INR
  Assets:Household:Cash:Prabu

2021-03-29 * "Metal warehouse" "WD40 100, 2inch 22 nails 6 nos, spanner for cycle"
  Expenses:Capex                                        154 INR
  Assets:Household:Cash:Prabu

2021-03-29 * "sweet beet root"
  Expenses:Food:Vegetables                               30 INR
  Assets:Household:Cash:Prabu

2021-03-29 * "garlic 100, spinach 40"
  Expenses:Food:Vegetables                              140 INR
  Assets:Household:Cash:Cashbox

2021-03-30 * "Vijay Paints" "Asian Paints smartcare - triblock-epoxy 1kg@430x4, 1kg acrylic putty 75"
  Expenses:Capex                                       1795 INR
  Assets:IciciBank:Jeeva

2021-03-30 * "Ashwin minerals" "water can refill #7"
  Expenses:Utilities:Watersupply                         15 INR
  Assets:Household:Cash:Prabu

2021-03-30 * "selvam stores" "egg"
  Expenses:Food:Vegetables                               13 INR
  Assets:Household:Cash:Prabu

2021-03-30 * "transfer to cashbox"
  Assets:Household:Cash:Cashbox                          30 INR
  Assets:Household:Cash:Prabu

2021-03-30 * "cycle breakshoe and stand fixing charges - naina"
  Expenses:Transport:Cycle                               20 INR
  Assets:Household:Cash:Cashbox

2021-03-30 * "soda, salt"
  Expenses:Food:Groceries                                10 INR
  Expenses:Food:Chat                                     15 INR
  Assets:Household:Cash:Cashbox

2021-03-30 * "green chilli, malli"
  Expenses:Food:Vegetables                               20 INR
  Assets:Household:Cash:Cashbox

2021-03-31 * "anbarasan" "payment for fixing the sheets, pipes, dismantling barrel, fixing the inlet pipe etc"
  Expenses:Capex                                        500 INR
  Assets:Household:Cash:Prabu

2021-03-31 * "Aswin Traders" "cement 5kg"
  Expenses:Capex                                         60 INR
  Assets:Household:Cash:Prabu

2021-03-31 * "gym fees aniruth"
  Expenses:Entertainment:Sports                         700 INR
  Assets:Household:Cash:Cashbox

2021-03-31 * "greens"
  Expenses:Food:Vegetables                               20 INR
  Assets:Household:Cash:Cashbox

2021-03-31 * "ponlait" "extra milk"
  Expenses:Food:Milk                                     22 INR
  Assets:Household:Cash:Cashbox

*** 2021-04

2021-04-02 balance Assets:Household:Cash:Cashbox        598 INR

2021-04-01 * "transfer to cashbox"
  Assets:Household:Cash:Cashbox                        1000 INR
  Assets:Household:Cash:Prabu

2021-04-01 * "ponlait" "milk for 5 days"
  Expenses:Food:Milk                                    550 INR
  Assets:Household:Cash:Cashbox

2021-04-01 * "accounting for balances in cashbox and prabu purse"
  Assets:Household:Cash:Cashbox                         200 INR
  Assets:Household:Cash:Prabu

2021-04-01 * "aniruth unaccounted spending"
  Expenses:Gift:Friends                                  20 INR
  Assets:Household:Cash:Aniruth

2021-04-01 * "egg"
  Expenses:Food:Vegetables                               26 INR
  Assets:Household:Cash:Cashbox

2021-04-01 * "Vanur bus"
  Expenses:Transport:Public                              24 INR
  Assets:Household:Cash:Cashbox

2021-04-01 * "Jeeva Medicine - tooth pain"
  Expenses:Medical:Medicine                              20 INR
  Assets:Household:Cash:Cashbox

2021-04-01 * "banana green 40, karpooravalli40"
  Expenses:Food:Fruits                                   80 INR
  Assets:Household:Cash:Prabu

2021-04-02 * "Manikandan Bakery" "samosa for 2021-04-09"
  Expenses:Food:Chat                                     60 INR
  Assets:Household:Cash:Prabu

2021-04-02 * "ATM Withdrawl Icici Jeeva"
  Assets:Household:Cash:Prabu                          6000 INR
  Assets:IciciBank:Jeeva

2021-04-02 * "Aurobindo Udyog" "Ray petrol"
  Expenses:Transport:Fuel:Ray                        333.89 INR
  Assets:IciciBank:Kali

2021-04-02 * "Pothys" "urad4@480,tur3@330,moong2@230,gram75,yippee174,chilli180,pepper110,dhaniya141 etc"
  Expenses:Food:Groceries                              2549 INR
  Expenses:Food:Vegetables                               78 INR
  Assets:IciciBank:Jeeva

2021-04-02 * "Transfer to cashbox"
  Assets:Household:Cash:Cashbox                        2000 INR
  Assets:Household:Cash:Prabu

2021-04-04 * "Chocolate to visit dharshinny home"
  Expenses:Gift:Friends                                 100 INR
  Assets:Household:Cash:Prabu

2021-04-04 * "Biscuit"
  Expenses:Food:Groceries                                20 INR
  Assets:Household:Cash:Cashbox

2021-04-04 * "Jenisha birthday"
  Expenses:Gift:Friends                                 100 INR
  Assets:Household:Cash:Cashbox

2021-04-05 * "took money from cashbox"
  Assets:Household:Cash:Prabu                           200 INR
  Assets:Household:Cash:Cashbox

2021-04-05 * "Mechanic sathish visited to check LG washing machine gearbox fault"
  Expenses:Utilities:Electricity                        100 INR
  Assets:Household:Cash:Prabu
;; Took money 200 INR from Box.. need to replace..i've the balance with me.

2021-04-05 * "Avul and small varu kadalai"
  Expenses:Food:Chat                                     70 INR
  Assets:Household:Cash:Prabu

2021-04-05 * "maid meena 3 of 4 loan repayment"
  Expenses:Utilities:Maid                               100 INR
  Assets:Household:Cash:Cashbox

2021-04-05 * "garbage collection"
  Expenses:Utilities:Garbagecollection                  150 INR
  Assets:Household:Cash:Cashbox

2021-04-06 * "Anbarasan" "Washing machine jamming of gearbox"
  Expenses:Capex                                        400 INR
  Assets:Household:Cash:Prabu

2021-04-05 * "Amazon" "oil 3x750, meswak122, bikano394,cinthol246"
  Expenses:Toiletries                                   368 INR
  Expenses:Food:Chat                                    394 INR
  Expenses:Food:Groceries                              2250 INR
  Income:Amazon:Cashback
  Assets:IciciBank:Kali                            -2711.94 INR

2021-04-06 * "ponlait" "5 days"
  Expenses:Food:Milk                                    550 INR
  Assets:Household:Cash:Cashbox

2021-04-07 * "washing machine outlet pipe"
  Expenses:Consumables                                   50 INR
  Assets:Household:Cash:Prabu

2021-04-07 * "Nilgiris" "Bread"
  Expenses:Food:Groceries                                57 INR
  Assets:Household:Cash:Prabu

2021-04-07 * "parata 3x40"
  Expenses:Food:Chat                                    120 INR
  Assets:Household:Cash:Prabu

2021-04-07 * "Corn cap 40, 45, keto shampoo 130 - aadhirai"
  Expenses:Medical:Medicine                             215 INR
  Assets:Household:Cash:Prabu

2021-04-07 * "amazon" "butter, choclairs170x2, meera 395,peanut595,moong230,oil198,farmlite112,meswak122,vim104,oreo5x56.25,sauce79,presto459"
  Expenses:Toiletries                                  1368 INR
  Expenses:Food:Groceries                                                          1054.25
  Expenses:Food:Chat                                    570 INR
  Assets:IciciBank:Prabu                           -2692.30 INR
  Income:Amazon:Cashback

2021-04-07 * "TNEB lineman Ramesh - payment for fixing 2 service phases"
  Expenses:Utilities:Electricity                        150 INR
  Assets:Household:Cash:Prabu

2021-04-08 * "egg"
  Expenses:Food:Vegetables                               20 INR
  Assets:Household:Cash:Cashbox

2021-04-08 * "Indane" "gas cylinder"
  Expenses:Utilities:Gas                                855 INR
  Assets:Household:Cash:Cashbox

2021-04-08 * "Ration"
  Expenses:Food:Groceries                               165 INR
  Assets:Household:Cash:Cashbox

2021-04-10 * "Manikandan Bakery" "samosa for 2021-04-16, bun 20"
  Expenses:Food:Chat                                     80 INR
  Assets:Household:Cash:Prabu

2021-04-09 * "Hajiar Oil Mill" "vvd oil 130, thangam oil112, peanut 126"
  Expenses:Food:Groceries                               368 INR
  Assets:Household:Cash:Prabu

2021-04-09 * "banana"
  Expenses:Food:Fruits                                   60 INR
  Assets:Household:Cash:Prabu

2021-04-09 * "Ravi Dept Stores" "chana dals 4 types"
  Expenses:Food:Groceries                                83 INR
  Assets:IciciBank:Kali

2021-04-09 * "Pothys" "vegetables44, noodles87, vermicilli plain80, ragi75,corn15 "
  Expenses:Food:Vegetables                               59 INR
  Expenses:Food:Groceries                               242 INR
  Assets:IciciBank:Kali

2021-04-09 * "British Council Digital Library Renewal"
  Expenses:Entertainment:Print                         1400 INR
  Assets:IciciBank:Kali

2021-04-09 * "Naresh Electronic" "Y cable to use mic & headset for onepc"
  Expenses:Capex                                        100 INR
  Assets:Household:Cash:Prabu

2021-04-09 * "Thaneegai Traders" "Rice 1320, idly rice 300"
  Expenses:Food:Groceries                              1620 INR
  Assets:IciciBank:Kali

2021-04-09 * "pothys" "butter98, chilli 10,turnip 10, jam 20, rusk 30, parle 115"
  Expenses:Food:Groceries                               263 INR
  Expenses:Food:Vegetables                               19 INR
  Assets:IciciBank:Kali

2021-04-09 * "Aurobindo Udyog" "Ray petrol"
  Expenses:Transport:Fuel:Ray                        329.35 INR
  Assets:IciciBank:Kali

2021-04-09 * "Amazon" "meera 1L 440, antec vp450P plus power supply 2575"
  Expenses:Capex                                       2575 INR
  Expenses:Toiletries                                   444 INR
  Income:Amazon:Cashback                                -50 INR
  Assets:IciciBank:Prabu

2021-04-10 * "chitra traders" "screen hook - brown 30Nos"
  Expenses:Clothes                                       60 INR
  Assets:Household:Cash:Prabu

2021-04-10 * "Narasus" "tea besh besh - hotel blend 250g 500g@128"
  Expenses:Food:Groceries                                67 INR
  Assets:Household:Cash:Prabu

2021-04-10 * "pine apple 2 nos @10 each"
  Expenses:Food:Fruits                                   20 INR
  Assets:Household:Cash:Prabu

2021-04-10 * "chockalingam" "1-3/4 inch threaded fta, 3/4inch hose collar pvc, 1inch endcap"
  Expenses:Capex                                         35 INR
  Assets:Household:Cash:Prabu

2021-04-10 * "icon Traders" "3/4 - 3/4inch threaded fta"
  Expenses:Capex                                         10 INR
  Assets:Household:Cash:Prabu

2021-04-10 * "country sugar 2kg@120 "
  Expenses:Food:Groceries                               120 INR
  Assets:Household:Cash:Prabu

2021-04-11 balance Assets:Household:Cash:Prabu         2147 INR

2021-04-11 * "Transferred cash to CashBox - naina for milk"
  Assets:Household:Cash:Cashbox                        1000 INR
  Assets:Household:Cash:Prabu

2021-04-11 * "ponlait" "5days"
  Expenses:Food:Milk                                    550 INR
  Assets:Household:Cash:Cashbox

2021-04-11 * "onion 100, vazhakkai 20"
  Expenses:Food:Vegetables                              120 INR
  Assets:Household:Cash:Cashbox

2021-04-11 * "temple"
  Expenses:Gift:God                                      50 INR
  Assets:Household:Cash:Cashbox

2021-04-12 * "kothamalli 10, green 20"
  Expenses:Food:Vegetables                               30 INR
  Assets:Household:Cash:Cashbox

2021-04-12 * "Rakul Sports" "Sega Wave Basketball shoe size 8, aadhirai"
  Expenses:Entertainment:Sports                        1100 INR
  Assets:IciciBank:Kali

2021-04-13 * "Transferred cash to CashBox - amma for tamarind"
  Assets:Household:Cash:Cashbox                        1000 INR
  Assets:Household:Cash:Prabu

2021-04-13 * "Cash withdrawl naina ATM"
  Assets:Household:Cash:Prabu                          4500 INR
  Assets:IciciBank:Kali

2021-04-13 * "Jeeva Medicine tooth"
  Expenses:Medical:Medicine                              20 INR
  Assets:Household:Cash:Cashbox

2021-04-14 * "Bombay Electricals" "20A DC Ammeter PE Power Instruments SR-72 MR-72 20A"
  Expenses:Capex                                        350 INR
  Assets:IciciBank:Prabu

2021-04-14 * "Pothys" "Vegetables 25, fruits 60, biscuits58,jam159,agarbathi102"
  Expenses:Toiletries                                   102 INR
  Expenses:Food:Groceries                               217 INR
  Expenses:Food:Vegetables                               25 INR
  Expenses:Food:Fruits                                   48 INR
  Assets:IciciBank:Kali

2021-04-15 * "Aniruth cycle repair - check break shoe at Kamraj Nagar"
  Expenses:Transport:Cycle                               20 INR
  Assets:Household:Cash:Prabu

2021-04-15 * "pudhina 30, radish 10, cucumber 25"
  Expenses:Food:Vegetables                               65 INR
  Assets:Household:Cash:Prabu

2021-04-15 * "Nilgiris" "Modern Sandwich supreme Bread"
  Expenses:Food:Groceries                                57 INR
  Assets:Household:Cash:Prabu

2021-04-15 * "Suman Electricals" "Lug 16sqmm wire - 6mm hole"
  Expenses:Capex                                         30 INR
  Assets:Household:Cash:Prabu

2021-04-15 * "Narasus" "Master Extra strong 200g@107, 2x50g@30, 1 pure50g@72"
  Expenses:Food:Groceries                               239 INR
  Assets:IciciBank:Kali

2021-04-15 * "Vanur Library annual membership fees"
  Expenses:Entertainment:Print                           60 INR
  Assets:Household:Cash:Cashbox

2021-04-15 * "Vanur Bus 2-trip - to library and to meet surveyor"
  Expenses:Transport:Public                              54 INR
  Assets:Household:Cash:Cashbox

2021-04-16 * "Air checkup Star 10, petrol 200"
  Expenses:Transport:Fuel:Star                          210 INR
  Assets:Household:Cash:Prabu                           -10 INR
  Assets:IciciBank:Kali

2021-04-16 * "Transfer to cashbox - naina"
  Assets:Household:Cash:Cashbox                        1000 INR
  Assets:Household:Cash:Prabu

2021-04-16 * "ponlait" "5days"
